Unnamed: 0,X,id,date,time,name,size,type,price,month_name
1,1,2015-000001,2015-01-01,11:38:36,hawaiian,M,classic,13.25,January
2,2,2015-000002,2015-01-01,11:57:40,classic_dlx,M,classic,16.0,January
3,3,2015-000002,2015-01-01,11:57:40,mexicana,M,veggie,16.0,January
4,4,2015-000002,2015-01-01,11:57:40,thai_ckn,L,chicken,20.75,January
5,5,2015-000002,2015-01-01,11:57:40,five_cheese,L,veggie,18.5,January
6,6,2015-000002,2015-01-01,11:57:40,ital_supr,L,supreme,20.75,January
7,7,2015-000003,2015-01-01,12:12:28,prsc_argla,L,supreme,20.75,January
8,8,2015-000003,2015-01-01,12:12:28,ital_supr,M,supreme,16.5,January
9,9,2015-000004,2015-01-01,12:16:31,ital_supr,M,supreme,16.5,January
10,10,2015-000005,2015-01-01,12:21:30,ital_supr,M,supreme,16.5,January
11,11,2015-000006,2015-01-01,12:29:36,bbq_ckn,S,chicken,12.75,January
12,12,2015-000006,2015-01-01,12:29:36,the_greek,S,classic,12.0,January
13,13,2015-000007,2015-01-01,12:50:37,spinach_supr,S,supreme,12.5,January
14,14,2015-000008,2015-01-01,12:51:37,spinach_supr,S,supreme,12.5,January
15,15,2015-000009,2015-01-01,12:52:01,ital_supr,L,supreme,20.75,January
16,16,2015-000009,2015-01-01,12:52:01,mexicana,S,veggie,12.0,January
17,17,2015-000009,2015-01-01,12:52:01,spin_pesto,L,veggie,20.75,January
18,18,2015-000009,2015-01-01,12:52:01,spicy_ital,L,supreme,20.75,January
19,19,2015-000009,2015-01-01,12:52:01,ital_cpcllo,L,classic,20.5,January
20,20,2015-000009,2015-01-01,12:52:01,veggie_veg,S,veggie,12.0,January
21,21,2015-000009,2015-01-01,12:52:01,green_garden,S,veggie,12.0,January
22,22,2015-000009,2015-01-01,12:52:01,classic_dlx,S,classic,12.0,January
23,23,2015-000009,2015-01-01,12:52:01,ital_supr,S,supreme,12.5,January
24,24,2015-000010,2015-01-01,13:00:15,mexicana,L,veggie,20.25,January
25,25,2015-000010,2015-01-01,13:00:15,southw_ckn,L,chicken,20.75,January
26,26,2015-000011,2015-01-01,13:02:59,pepperoni,L,classic,15.25,January
27,27,2015-000011,2015-01-01,13:02:59,cali_ckn,L,chicken,20.75,January
28,28,2015-000011,2015-01-01,13:02:59,cali_ckn,M,chicken,16.75,January
29,29,2015-000011,2015-01-01,13:02:59,bbq_ckn,L,chicken,20.75,January
30,30,2015-000012,2015-01-01,13:04:41,cali_ckn,S,chicken,12.75,January
31,31,2015-000012,2015-01-01,13:04:41,ital_supr,M,supreme,16.5,January
32,32,2015-000012,2015-01-01,13:04:41,cali_ckn,L,chicken,20.75,January
33,33,2015-000012,2015-01-01,13:04:41,ckn_pesto,L,chicken,20.75,January
34,34,2015-000013,2015-01-01,13:11:55,mexicana,L,veggie,20.25,January
35,35,2015-000014,2015-01-01,13:14:19,the_greek,S,classic,12.0,January
36,36,2015-000015,2015-01-01,13:33:00,big_meat,S,classic,12.0,January
37,37,2015-000015,2015-01-01,13:33:00,five_cheese,L,veggie,18.5,January
38,38,2015-000015,2015-01-01,13:33:00,soppressata,L,supreme,20.75,January
39,39,2015-000015,2015-01-01,13:33:00,the_greek,S,classic,12.0,January
40,40,2015-000016,2015-01-01,13:34:07,thai_ckn,L,chicken,20.75,January
41,41,2015-000016,2015-01-01,13:34:07,four_cheese,L,veggie,17.95,January
42,42,2015-000016,2015-01-01,13:34:07,napolitana,S,classic,12.0,January
43,43,2015-000017,2015-01-01,13:53:00,mediterraneo,M,veggie,16.0,January
44,44,2015-000017,2015-01-01,13:53:00,bbq_ckn,L,chicken,20.75,January
45,45,2015-000017,2015-01-01,13:53:00,ital_supr,M,supreme,16.5,January
46,46,2015-000017,2015-01-01,13:53:00,mexicana,L,veggie,20.25,January
47,47,2015-000017,2015-01-01,13:53:00,four_cheese,M,veggie,14.75,January
48,48,2015-000017,2015-01-01,13:53:00,spinach_fet,L,veggie,20.25,January
49,49,2015-000017,2015-01-01,13:53:00,mediterraneo,M,veggie,16.0,January
50,50,2015-000017,2015-01-01,13:53:00,five_cheese,L,veggie,18.5,January
51,51,2015-000017,2015-01-01,13:53:00,ital_veggie,S,veggie,12.75,January
52,52,2015-000017,2015-01-01,13:53:00,calabrese,M,supreme,16.25,January
53,53,2015-000017,2015-01-01,13:53:00,peppr_salami,S,supreme,12.5,January
54,54,2015-000018,2015-01-01,13:57:08,napolitana,L,classic,20.5,January
55,55,2015-000019,2015-01-01,13:59:09,sicilian,L,supreme,20.25,January
56,56,2015-000019,2015-01-01,13:59:09,ital_cpcllo,L,classic,20.5,January
57,57,2015-000020,2015-01-01,14:03:08,five_cheese,L,veggie,18.5,January
58,58,2015-000020,2015-01-01,14:03:08,big_meat,S,classic,12.0,January
59,59,2015-000021,2015-01-01,14:14:29,ital_cpcllo,L,classic,20.5,January
60,60,2015-000022,2015-01-01,14:16:26,ital_cpcllo,M,classic,16.0,January
61,61,2015-000022,2015-01-01,14:16:26,southw_ckn,L,chicken,20.75,January
62,62,2015-000022,2015-01-01,14:16:26,five_cheese,L,veggie,18.5,January
63,63,2015-000023,2015-01-01,14:19:03,southw_ckn,S,chicken,12.75,January
64,64,2015-000024,2015-01-01,14:23:01,ital_cpcllo,M,classic,16.0,January
65,65,2015-000024,2015-01-01,14:23:01,pepperoni,M,classic,12.5,January
66,66,2015-000024,2015-01-01,14:23:01,prsc_argla,S,supreme,12.5,January
67,67,2015-000024,2015-01-01,14:23:01,bbq_ckn,M,chicken,16.75,January
68,68,2015-000025,2015-01-01,14:44:44,thai_ckn,L,chicken,20.75,January
69,69,2015-000025,2015-01-01,14:44:44,sicilian,M,supreme,16.25,January
70,70,2015-000026,2015-01-01,14:54:26,classic_dlx,S,classic,12.0,January
71,71,2015-000026,2015-01-01,14:54:26,veggie_veg,L,veggie,20.25,January
72,72,2015-000027,2015-01-01,15:11:17,bbq_ckn,L,chicken,20.75,January
73,73,2015-000027,2015-01-01,15:11:17,spinach_fet,L,veggie,20.25,January
74,74,2015-000027,2015-01-01,15:11:17,classic_dlx,M,classic,16.0,January
75,75,2015-000028,2015-01-01,15:35:46,ckn_alfredo,S,chicken,12.75,January
76,76,2015-000029,2015-01-01,15:41:01,green_garden,S,veggie,12.0,January
77,77,2015-000030,2015-01-01,15:41:25,thai_ckn,L,chicken,20.75,January
78,78,2015-000031,2015-01-01,15:50:18,mexicana,M,veggie,16.0,January
79,79,2015-000031,2015-01-01,15:50:18,pepperoni,S,classic,9.75,January
80,80,2015-000032,2015-01-01,15:53:18,ital_cpcllo,L,classic,20.5,January
81,81,2015-000032,2015-01-01,15:53:18,green_garden,L,veggie,20.25,January
82,82,2015-000032,2015-01-01,15:53:18,big_meat,S,classic,12.0,January
83,83,2015-000032,2015-01-01,15:53:18,ital_supr,M,supreme,16.5,January
84,84,2015-000033,2015-01-01,15:54:08,bbq_ckn,L,chicken,20.75,January
85,85,2015-000033,2015-01-01,15:54:08,green_garden,S,veggie,12.0,January
86,86,2015-000034,2015-01-01,16:21:21,the_greek,S,classic,12.0,January
87,87,2015-000035,2015-01-01,16:32:04,pepperoni,M,classic,12.5,January
88,88,2015-000035,2015-01-01,16:32:04,pep_msh_pep,L,classic,17.5,January
89,89,2015-000035,2015-01-01,16:32:04,thai_ckn,L,chicken,20.75,January
90,90,2015-000035,2015-01-01,16:32:04,green_garden,M,veggie,16.0,January
91,91,2015-000036,2015-01-01,16:54:09,bbq_ckn,M,chicken,16.75,January
92,92,2015-000036,2015-01-01,16:54:09,classic_dlx,M,classic,16.0,January
93,93,2015-000037,2015-01-01,16:56:09,mexicana,L,veggie,20.25,January
94,94,2015-000037,2015-01-01,16:56:09,ital_supr,L,supreme,20.75,January
95,95,2015-000038,2015-01-01,17:03:00,ital_cpcllo,L,classic,20.5,January
96,96,2015-000038,2015-01-01,17:03:00,hawaiian,S,classic,10.5,January
97,97,2015-000039,2015-01-01,17:07:23,ital_supr,L,supreme,20.75,January
98,98,2015-000040,2015-01-01,17:14:36,southw_ckn,S,chicken,12.75,January
99,99,2015-000040,2015-01-01,17:14:36,four_cheese,L,veggie,17.95,January
100,100,2015-000041,2015-01-01,17:15:20,green_garden,S,veggie,12.0,January
101,101,2015-000041,2015-01-01,17:15:20,four_cheese,M,veggie,14.75,January
102,102,2015-000042,2015-01-01,17:28:09,big_meat,S,classic,12.0,January
103,103,2015-000042,2015-01-01,17:28:09,five_cheese,L,veggie,18.5,January
104,104,2015-000042,2015-01-01,17:28:09,peppr_salami,M,supreme,16.5,January
105,105,2015-000042,2015-01-01,17:28:09,mexicana,L,veggie,20.25,January
106,106,2015-000043,2015-01-01,17:38:34,ital_supr,M,supreme,16.5,January
107,107,2015-000043,2015-01-01,17:38:34,peppr_salami,L,supreme,20.75,January
108,108,2015-000043,2015-01-01,17:38:34,ckn_alfredo,M,chicken,16.75,January
109,109,2015-000044,2015-01-01,17:54:20,spin_pesto,S,veggie,12.5,January
110,110,2015-000045,2015-01-01,17:55:48,four_cheese,L,veggie,17.95,January
111,111,2015-000045,2015-01-01,17:55:48,hawaiian,S,classic,10.5,January
112,112,2015-000045,2015-01-01,17:55:48,thai_ckn,M,chicken,16.75,January
113,113,2015-000046,2015-01-01,18:25:51,thai_ckn,M,chicken,16.75,January
114,114,2015-000046,2015-01-01,18:25:51,ckn_pesto,L,chicken,20.75,January
115,115,2015-000046,2015-01-01,18:25:51,classic_dlx,L,classic,20.5,January
116,116,2015-000047,2015-01-01,18:26:34,veggie_veg,S,veggie,12.0,January
117,117,2015-000047,2015-01-01,18:26:34,southw_ckn,L,chicken,20.75,January
118,118,2015-000048,2015-01-01,18:26:42,prsc_argla,L,supreme,20.75,January
119,119,2015-000048,2015-01-01,18:26:42,spicy_ital,L,supreme,20.75,January
120,120,2015-000048,2015-01-01,18:26:42,green_garden,S,veggie,12.0,January
121,121,2015-000048,2015-01-01,18:26:42,ckn_pesto,M,chicken,16.75,January
122,122,2015-000049,2015-01-01,18:33:00,sicilian,L,supreme,20.25,January
123,123,2015-000050,2015-01-01,18:41:01,the_greek,XL,classic,25.5,January
124,124,2015-000051,2015-01-01,18:48:28,bbq_ckn,L,chicken,20.75,January
125,125,2015-000051,2015-01-01,18:48:28,pep_msh_pep,L,classic,17.5,January
126,126,2015-000052,2015-01-01,18:53:02,spicy_ital,L,supreme,20.75,January
127,127,2015-000052,2015-01-01,18:53:02,mexicana,L,veggie,20.25,January
128,128,2015-000052,2015-01-01,18:53:02,hawaiian,L,classic,16.5,January
129,129,2015-000053,2015-01-01,18:54:17,pep_msh_pep,S,classic,11.0,January
130,130,2015-000053,2015-01-01,18:54:17,spinach_supr,M,supreme,16.5,January
131,131,2015-000054,2015-01-01,19:01:45,prsc_argla,M,supreme,16.5,January
132,132,2015-000054,2015-01-01,19:01:45,thai_ckn,L,chicken,20.75,January
133,133,2015-000055,2015-01-01,19:03:19,peppr_salami,S,supreme,12.5,January
134,134,2015-000055,2015-01-01,19:03:19,spicy_ital,L,supreme,20.75,January
135,135,2015-000056,2015-01-01,19:07:00,southw_ckn,M,chicken,16.75,January
136,136,2015-000056,2015-01-01,19:07:00,classic_dlx,M,classic,16.0,January
137,137,2015-000056,2015-01-01,19:07:00,mediterraneo,L,veggie,20.25,January
138,138,2015-000057,2015-01-01,19:10:51,classic_dlx,M,classic,16.0,January
139,139,2015-000058,2015-01-01,19:30:40,five_cheese,L,veggie,18.5,January
140,140,2015-000058,2015-01-01,19:30:40,pepperoni,M,classic,12.5,January
141,141,2015-000059,2015-01-01,19:40:08,pep_msh_pep,S,classic,11.0,January
142,142,2015-000059,2015-01-01,19:40:08,pepperoni,L,classic,15.25,January
143,143,2015-000059,2015-01-01,19:40:08,ital_veggie,S,veggie,12.75,January
144,144,2015-000060,2015-01-01,20:05:16,ckn_pesto,L,chicken,20.75,January
145,145,2015-000060,2015-01-01,20:05:16,four_cheese,M,veggie,14.75,January
146,146,2015-000061,2015-01-01,20:08:43,ital_supr,L,supreme,20.75,January
147,147,2015-000061,2015-01-01,20:08:43,bbq_ckn,M,chicken,16.75,January
148,148,2015-000062,2015-01-01,20:50:16,spinach_supr,M,supreme,16.5,January
149,149,2015-000062,2015-01-01,20:50:16,bbq_ckn,M,chicken,16.75,January
150,150,2015-000063,2015-01-01,20:51:42,pep_msh_pep,M,classic,14.5,January
151,151,2015-000064,2015-01-01,20:52:08,big_meat,S,classic,12.0,January
152,152,2015-000065,2015-01-01,21:16:00,spinach_supr,M,supreme,16.5,January
153,153,2015-000065,2015-01-01,21:16:00,pep_msh_pep,S,classic,11.0,January
154,154,2015-000065,2015-01-01,21:16:00,sicilian,S,supreme,12.25,January
155,155,2015-000065,2015-01-01,21:16:00,spicy_ital,S,supreme,12.5,January
156,156,2015-000066,2015-01-01,21:47:55,classic_dlx,M,classic,16.0,January
157,157,2015-000066,2015-01-01,21:47:55,ital_cpcllo,M,classic,16.0,January
158,158,2015-000067,2015-01-01,22:03:40,southw_ckn,L,chicken,20.75,January
159,159,2015-000068,2015-01-01,22:07:32,ital_supr,L,supreme,20.75,January
160,160,2015-000068,2015-01-01,22:07:32,classic_dlx,M,classic,16.0,January
161,161,2015-000068,2015-01-01,22:07:32,ital_supr,M,supreme,16.5,January
162,162,2015-000069,2015-01-01,22:12:13,bbq_ckn,L,chicken,20.75,January
163,163,2015-000070,2015-01-02,11:38:51,soppressata,L,supreme,20.75,January
164,164,2015-000070,2015-01-02,11:38:51,ital_veggie,S,veggie,12.75,January
165,165,2015-000071,2015-01-02,11:40:50,thai_ckn,L,chicken,20.75,January
166,166,2015-000072,2015-01-02,11:57:25,spinach_fet,L,veggie,20.25,January
167,167,2015-000073,2015-01-02,11:58:56,thai_ckn,S,chicken,12.75,January
168,168,2015-000074,2015-01-02,12:01:12,mexicana,L,veggie,20.25,January
169,169,2015-000074,2015-01-02,12:01:12,spin_pesto,S,veggie,12.5,January
170,170,2015-000074,2015-01-02,12:01:12,spinach_supr,L,supreme,20.75,January
171,171,2015-000074,2015-01-02,12:01:12,five_cheese,L,veggie,18.5,January
172,172,2015-000075,2015-01-02,12:10:15,napolitana,L,classic,20.5,January
173,173,2015-000075,2015-01-02,12:10:15,ital_supr,S,supreme,12.5,January
174,174,2015-000075,2015-01-02,12:10:15,mediterraneo,L,veggie,20.25,January
175,175,2015-000076,2015-01-02,12:21:17,hawaiian,L,classic,16.5,January
176,176,2015-000076,2015-01-02,12:21:17,ital_veggie,L,veggie,21.0,January
177,177,2015-000076,2015-01-02,12:21:17,spicy_ital,L,supreme,20.75,January
178,178,2015-000076,2015-01-02,12:21:17,big_meat,S,classic,12.0,January
179,179,2015-000077,2015-01-02,12:22:46,hawaiian,M,classic,13.25,January
180,180,2015-000077,2015-01-02,12:22:46,bbq_ckn,M,chicken,16.75,January
181,181,2015-000078,2015-01-02,12:28:14,classic_dlx,S,classic,12.0,January
182,182,2015-000078,2015-01-02,12:28:14,spicy_ital,L,supreme,20.75,January
183,183,2015-000078,2015-01-02,12:28:14,spicy_ital,L,supreme,20.75,January
184,184,2015-000078,2015-01-02,12:28:14,thai_ckn,S,chicken,12.75,January
185,185,2015-000078,2015-01-02,12:28:14,four_cheese,L,veggie,17.95,January
186,186,2015-000078,2015-01-02,12:28:14,ital_cpcllo,M,classic,16.0,January
187,187,2015-000078,2015-01-02,12:28:14,spicy_ital,L,supreme,20.75,January
188,188,2015-000078,2015-01-02,12:28:14,big_meat,S,classic,12.0,January
189,189,2015-000079,2015-01-02,12:29:11,ital_cpcllo,L,classic,20.5,January
190,190,2015-000079,2015-01-02,12:29:11,thai_ckn,L,chicken,20.75,January
191,191,2015-000079,2015-01-02,12:29:11,pep_msh_pep,S,classic,11.0,January
192,192,2015-000080,2015-01-02,12:35:38,pepperoni,S,classic,9.75,January
193,193,2015-000080,2015-01-02,12:35:38,thai_ckn,M,chicken,16.75,January
194,194,2015-000081,2015-01-02,12:40:01,thai_ckn,L,chicken,20.75,January
195,195,2015-000082,2015-01-02,12:45:51,spicy_ital,L,supreme,20.75,January
196,196,2015-000082,2015-01-02,12:45:51,big_meat,S,classic,12.0,January
197,197,2015-000082,2015-01-02,12:45:51,cali_ckn,M,chicken,16.75,January
198,198,2015-000082,2015-01-02,12:45:51,veggie_veg,M,veggie,16.0,January
199,199,2015-000083,2015-01-02,12:53:27,southw_ckn,S,chicken,12.75,January
200,200,2015-000084,2015-01-02,13:13:41,pepperoni,L,classic,15.25,January
201,201,2015-000085,2015-01-02,13:34:49,classic_dlx,S,classic,12.0,January
202,202,2015-000085,2015-01-02,13:34:49,classic_dlx,M,classic,16.0,January
203,203,2015-000085,2015-01-02,13:34:49,ital_supr,L,supreme,20.75,January
204,204,2015-000085,2015-01-02,13:34:49,the_greek,M,classic,16.0,January
205,205,2015-000086,2015-01-02,13:40:31,hawaiian,L,classic,16.5,January
206,206,2015-000087,2015-01-02,14:01:02,mexicana,M,veggie,16.0,January
207,207,2015-000087,2015-01-02,14:01:02,ital_cpcllo,M,classic,16.0,January
208,208,2015-000087,2015-01-02,14:01:02,spinach_supr,S,supreme,12.5,January
209,209,2015-000087,2015-01-02,14:01:02,spinach_supr,L,supreme,20.75,January
210,210,2015-000088,2015-01-02,14:10:08,five_cheese,L,veggie,18.5,January
211,211,2015-000089,2015-01-02,14:30:19,thai_ckn,L,chicken,20.75,January
212,212,2015-000089,2015-01-02,14:30:19,soppressata,L,supreme,20.75,January
213,213,2015-000090,2015-01-02,15:08:48,thai_ckn,S,chicken,12.75,January
214,214,2015-000090,2015-01-02,15:08:48,sicilian,L,supreme,20.25,January
215,215,2015-000091,2015-01-02,15:14:43,bbq_ckn,L,chicken,20.75,January
216,216,2015-000091,2015-01-02,15:14:43,pepperoni,S,classic,9.75,January
217,217,2015-000091,2015-01-02,15:14:43,bbq_ckn,L,chicken,20.75,January
218,218,2015-000091,2015-01-02,15:14:43,ckn_pesto,S,chicken,12.75,January
219,219,2015-000092,2015-01-02,15:17:02,spinach_fet,S,veggie,12.0,January
220,220,2015-000092,2015-01-02,15:17:02,ital_supr,M,supreme,16.5,January
221,221,2015-000092,2015-01-02,15:17:02,peppr_salami,M,supreme,16.5,January
222,222,2015-000092,2015-01-02,15:17:02,bbq_ckn,M,chicken,16.75,January
223,223,2015-000092,2015-01-02,15:17:02,spinach_supr,S,supreme,12.5,January
224,224,2015-000092,2015-01-02,15:17:02,the_greek,M,classic,16.0,January
225,225,2015-000092,2015-01-02,15:17:02,ital_supr,L,supreme,20.75,January
226,226,2015-000092,2015-01-02,15:17:02,pepperoni,M,classic,12.5,January
227,227,2015-000092,2015-01-02,15:17:02,ital_veggie,S,veggie,12.75,January
228,228,2015-000092,2015-01-02,15:17:02,the_greek,M,classic,16.0,January
229,229,2015-000093,2015-01-02,15:29:31,sicilian,M,supreme,16.25,January
230,230,2015-000094,2015-01-02,16:17:16,ital_cpcllo,M,classic,16.0,January
231,231,2015-000094,2015-01-02,16:17:16,southw_ckn,S,chicken,12.75,January
232,232,2015-000095,2015-01-02,16:18:04,peppr_salami,L,supreme,20.75,January
233,233,2015-000095,2015-01-02,16:18:04,napolitana,S,classic,12.0,January
234,234,2015-000096,2015-01-02,16:21:20,napolitana,S,classic,12.0,January
235,235,2015-000097,2015-01-02,16:45:33,big_meat,S,classic,12.0,January
236,236,2015-000098,2015-01-02,17:18:18,napolitana,L,classic,20.5,January
237,237,2015-000098,2015-01-02,17:18:18,classic_dlx,L,classic,20.5,January
238,238,2015-000099,2015-01-02,17:45:42,ital_supr,L,supreme,20.75,January
239,239,2015-000100,2015-01-02,17:46:17,hawaiian,L,classic,16.5,January
240,240,2015-000101,2015-01-02,17:51:33,soppressata,L,supreme,20.75,January
241,241,2015-000101,2015-01-02,17:51:33,cali_ckn,L,chicken,20.75,January
242,242,2015-000101,2015-01-02,17:51:33,pepperoni,L,classic,15.25,January
243,243,2015-000101,2015-01-02,17:51:33,spicy_ital,M,supreme,16.5,January
244,244,2015-000102,2015-01-02,17:54:04,prsc_argla,S,supreme,12.5,January
245,245,2015-000102,2015-01-02,17:54:04,bbq_ckn,S,chicken,12.75,January
246,246,2015-000103,2015-01-02,18:02:09,spinach_supr,S,supreme,12.5,January
247,247,2015-000104,2015-01-02,18:02:12,veggie_veg,L,veggie,20.25,January
248,248,2015-000104,2015-01-02,18:02:12,bbq_ckn,M,chicken,16.75,January
249,249,2015-000104,2015-01-02,18:02:12,ital_veggie,M,veggie,16.75,January
250,250,2015-000104,2015-01-02,18:02:12,ckn_alfredo,M,chicken,16.75,January
251,251,2015-000105,2015-01-02,18:12:01,hawaiian,S,classic,10.5,January
252,252,2015-000105,2015-01-02,18:12:01,hawaiian,S,classic,10.5,January
253,253,2015-000105,2015-01-02,18:12:01,prsc_argla,M,supreme,16.5,January
254,254,2015-000105,2015-01-02,18:12:01,pepperoni,L,classic,15.25,January
255,255,2015-000106,2015-01-02,18:12:13,spicy_ital,L,supreme,20.75,January
256,256,2015-000106,2015-01-02,18:12:13,mexicana,L,veggie,20.25,January
257,257,2015-000107,2015-01-02,18:25:09,ital_supr,M,supreme,16.5,January
258,258,2015-000107,2015-01-02,18:25:09,cali_ckn,L,chicken,20.75,January
259,259,2015-000107,2015-01-02,18:25:09,veggie_veg,L,veggie,20.25,January
260,260,2015-000107,2015-01-02,18:25:09,spicy_ital,L,supreme,20.75,January
261,261,2015-000108,2015-01-02,18:25:25,hawaiian,L,classic,16.5,January
262,262,2015-000108,2015-01-02,18:25:25,classic_dlx,L,classic,20.5,January
263,263,2015-000108,2015-01-02,18:25:25,spinach_supr,L,supreme,20.75,January
264,264,2015-000109,2015-01-02,18:27:50,prsc_argla,L,supreme,20.75,January
265,265,2015-000109,2015-01-02,18:27:50,pepperoni,M,classic,12.5,January
266,266,2015-000109,2015-01-02,18:27:50,ital_cpcllo,L,classic,20.5,January
267,267,2015-000109,2015-01-02,18:27:50,ital_supr,L,supreme,20.75,January
268,268,2015-000110,2015-01-02,18:36:19,soppressata,L,supreme,20.75,January
269,269,2015-000110,2015-01-02,18:36:19,napolitana,L,classic,20.5,January
270,270,2015-000110,2015-01-02,18:36:19,big_meat,S,classic,12.0,January
271,271,2015-000110,2015-01-02,18:36:19,spicy_ital,S,supreme,12.5,January
272,272,2015-000111,2015-01-02,18:38:01,cali_ckn,M,chicken,16.75,January
273,273,2015-000111,2015-01-02,18:38:01,spin_pesto,L,veggie,20.75,January
274,274,2015-000111,2015-01-02,18:38:01,pepperoni,M,classic,12.5,January
275,275,2015-000111,2015-01-02,18:38:01,five_cheese,L,veggie,18.5,January
276,276,2015-000112,2015-01-02,18:41:40,pepperoni,S,classic,9.75,January
277,277,2015-000113,2015-01-02,18:50:21,cali_ckn,L,chicken,20.75,January
278,278,2015-000113,2015-01-02,18:50:21,southw_ckn,M,chicken,16.75,January
279,279,2015-000113,2015-01-02,18:50:21,mexicana,L,veggie,20.25,January
280,280,2015-000114,2015-01-02,18:59:32,pepperoni,L,classic,15.25,January
281,281,2015-000114,2015-01-02,18:59:32,sicilian,S,supreme,12.25,January
282,282,2015-000115,2015-01-02,19:05:17,thai_ckn,M,chicken,16.75,January
283,283,2015-000115,2015-01-02,19:05:17,big_meat,S,classic,12.0,January
284,284,2015-000115,2015-01-02,19:05:17,napolitana,L,classic,20.5,January
285,285,2015-000116,2015-01-02,19:18:49,five_cheese,L,veggie,18.5,January
286,286,2015-000117,2015-01-02,19:23:02,peppr_salami,M,supreme,16.5,January
287,287,2015-000117,2015-01-02,19:23:02,sicilian,L,supreme,20.25,January
288,288,2015-000118,2015-01-02,19:26:59,prsc_argla,L,supreme,20.75,January
289,289,2015-000118,2015-01-02,19:26:59,spinach_fet,S,veggie,12.0,January
290,290,2015-000119,2015-01-02,19:32:29,four_cheese,M,veggie,14.75,January
291,291,2015-000120,2015-01-02,19:35:07,spinach_fet,L,veggie,20.25,January
292,292,2015-000120,2015-01-02,19:35:07,hawaiian,S,classic,10.5,January
293,293,2015-000120,2015-01-02,19:35:07,classic_dlx,S,classic,12.0,January
294,294,2015-000121,2015-01-02,19:38:48,sicilian,L,supreme,20.25,January
295,295,2015-000121,2015-01-02,19:38:48,bbq_ckn,M,chicken,16.75,January
296,296,2015-000121,2015-01-02,19:38:48,southw_ckn,L,chicken,20.75,January
297,297,2015-000121,2015-01-02,19:38:48,four_cheese,L,veggie,17.95,January
298,298,2015-000122,2015-01-02,19:50:19,ital_supr,M,supreme,16.5,January
299,299,2015-000123,2015-01-02,20:12:09,ital_cpcllo,S,classic,12.0,January
300,300,2015-000124,2015-01-02,20:12:34,bbq_ckn,S,chicken,12.75,January
301,301,2015-000124,2015-01-02,20:12:34,the_greek,S,classic,12.0,January
302,302,2015-000124,2015-01-02,20:12:34,sicilian,L,supreme,20.25,January
303,303,2015-000124,2015-01-02,20:12:34,spicy_ital,L,supreme,20.75,January
304,304,2015-000125,2015-01-02,20:31:06,the_greek,XL,classic,25.5,January
305,305,2015-000126,2015-01-02,20:53:42,veggie_veg,L,veggie,20.25,January
306,306,2015-000127,2015-01-02,20:58:23,pepperoni,M,classic,12.5,January
307,307,2015-000128,2015-01-02,21:05:06,spicy_ital,S,supreme,12.5,January
308,308,2015-000129,2015-01-02,21:13:02,big_meat,S,classic,12.0,January
309,309,2015-000129,2015-01-02,21:13:02,the_greek,M,classic,16.0,January
310,310,2015-000130,2015-01-02,21:14:55,mexicana,M,veggie,16.0,January
311,311,2015-000130,2015-01-02,21:14:55,southw_ckn,S,chicken,12.75,January
312,312,2015-000130,2015-01-02,21:14:55,ital_cpcllo,L,classic,20.5,January
313,313,2015-000130,2015-01-02,21:14:55,hawaiian,S,classic,10.5,January
314,314,2015-000131,2015-01-02,21:33:10,spinach_supr,S,supreme,12.5,January
315,315,2015-000131,2015-01-02,21:33:10,five_cheese,L,veggie,18.5,January
316,316,2015-000131,2015-01-02,21:33:10,green_garden,S,veggie,12.0,January
317,317,2015-000131,2015-01-02,21:33:10,ckn_pesto,L,chicken,20.75,January
318,318,2015-000132,2015-01-02,21:42:45,pepperoni,S,classic,9.75,January
319,319,2015-000133,2015-01-02,22:00:17,bbq_ckn,L,chicken,20.75,January
320,320,2015-000133,2015-01-02,22:00:17,hawaiian,L,classic,16.5,January
321,321,2015-000133,2015-01-02,22:00:17,the_greek,S,classic,12.0,January
322,322,2015-000134,2015-01-02,22:13:24,southw_ckn,L,chicken,20.75,January
323,323,2015-000134,2015-01-02,22:13:24,spinach_supr,S,supreme,12.5,January
324,324,2015-000134,2015-01-02,22:13:24,big_meat,S,classic,12.0,January
325,325,2015-000135,2015-01-02,22:29:34,veggie_veg,L,veggie,20.25,January
326,326,2015-000136,2015-01-02,22:32:49,peppr_salami,S,supreme,12.5,January
327,327,2015-000136,2015-01-02,22:32:49,five_cheese,L,veggie,18.5,January
328,328,2015-000137,2015-01-03,11:34:10,mediterraneo,L,veggie,20.25,January
329,329,2015-000137,2015-01-03,11:34:10,spicy_ital,M,supreme,16.5,January
330,330,2015-000137,2015-01-03,11:34:10,pepperoni,S,classic,9.75,January
331,331,2015-000138,2015-01-03,11:44:50,ital_veggie,L,veggie,21.0,January
332,332,2015-000138,2015-01-03,11:44:50,sicilian,M,supreme,16.25,January
333,333,2015-000138,2015-01-03,11:44:50,four_cheese,L,veggie,17.95,January
334,334,2015-000138,2015-01-03,11:44:50,cali_ckn,M,chicken,16.75,January
335,335,2015-000139,2015-01-03,11:57:39,five_cheese,L,veggie,18.5,January
336,336,2015-000140,2015-01-03,12:26:44,veggie_veg,M,veggie,16.0,January
337,337,2015-000140,2015-01-03,12:26:44,prsc_argla,S,supreme,12.5,January
338,338,2015-000141,2015-01-03,13:16:01,classic_dlx,M,classic,16.0,January
339,339,2015-000142,2015-01-03,13:33:59,green_garden,M,veggie,16.0,January
340,340,2015-000143,2015-01-03,13:41:36,pepperoni,L,classic,15.25,January
341,341,2015-000143,2015-01-03,13:41:36,mexicana,M,veggie,16.0,January
342,342,2015-000143,2015-01-03,13:41:36,classic_dlx,S,classic,12.0,January
343,343,2015-000143,2015-01-03,13:41:36,thai_ckn,L,chicken,20.75,January
344,344,2015-000143,2015-01-03,13:41:36,cali_ckn,S,chicken,12.75,January
345,345,2015-000143,2015-01-03,13:41:36,prsc_argla,S,supreme,12.5,January
346,346,2015-000143,2015-01-03,13:41:36,veggie_veg,M,veggie,16.0,January
347,347,2015-000143,2015-01-03,13:41:36,hawaiian,L,classic,16.5,January
348,348,2015-000144,2015-01-03,13:44:28,five_cheese,L,veggie,18.5,January
349,349,2015-000144,2015-01-03,13:44:28,veggie_veg,L,veggie,20.25,January
350,350,2015-000144,2015-01-03,13:44:28,southw_ckn,S,chicken,12.75,January
351,351,2015-000144,2015-01-03,13:44:28,thai_ckn,M,chicken,16.75,January
352,352,2015-000144,2015-01-03,13:44:28,bbq_ckn,M,chicken,16.75,January
353,353,2015-000144,2015-01-03,13:44:28,four_cheese,L,veggie,17.95,January
354,354,2015-000144,2015-01-03,13:44:28,bbq_ckn,M,chicken,16.75,January
355,355,2015-000144,2015-01-03,13:44:28,bbq_ckn,M,chicken,16.75,January
356,356,2015-000144,2015-01-03,13:44:28,big_meat,S,classic,12.0,January
357,357,2015-000144,2015-01-03,13:44:28,spicy_ital,L,supreme,20.75,January
358,358,2015-000144,2015-01-03,13:44:28,cali_ckn,L,chicken,20.75,January
359,359,2015-000144,2015-01-03,13:44:28,pep_msh_pep,S,classic,11.0,January
360,360,2015-000144,2015-01-03,13:44:28,southw_ckn,L,chicken,20.75,January
361,361,2015-000144,2015-01-03,13:44:28,ckn_pesto,M,chicken,16.75,January
362,362,2015-000145,2015-01-03,13:53:48,the_greek,S,classic,12.0,January
363,363,2015-000146,2015-01-03,14:22:10,cali_ckn,L,chicken,20.75,January
364,364,2015-000146,2015-01-03,14:22:10,four_cheese,M,veggie,14.75,January
365,365,2015-000146,2015-01-03,14:22:10,hawaiian,M,classic,13.25,January
366,366,2015-000147,2015-01-03,14:32:51,the_greek,XL,classic,25.5,January
367,367,2015-000148,2015-01-03,14:40:42,mediterraneo,S,veggie,12.0,January
368,368,2015-000149,2015-01-03,14:48:45,spinach_fet,M,veggie,16.0,January
369,369,2015-000150,2015-01-03,14:49:58,pepperoni,M,classic,12.5,January
370,370,2015-000151,2015-01-03,15:09:34,spinach_supr,S,supreme,12.5,January
371,371,2015-000151,2015-01-03,15:09:34,southw_ckn,L,chicken,20.75,January
372,372,2015-000152,2015-01-03,15:09:42,the_greek,M,classic,16.0,January
373,373,2015-000152,2015-01-03,15:09:42,thai_ckn,S,chicken,12.75,January
374,374,2015-000152,2015-01-03,15:09:42,spinach_fet,L,veggie,20.25,January
375,375,2015-000152,2015-01-03,15:09:42,hawaiian,S,classic,10.5,January
376,376,2015-000153,2015-01-03,15:16:34,mexicana,M,veggie,16.0,January
377,377,2015-000154,2015-01-03,15:22:43,prsc_argla,S,supreme,12.5,January
378,378,2015-000155,2015-01-03,15:28:59,pepperoni,L,classic,15.25,January
379,379,2015-000155,2015-01-03,15:28:59,ckn_pesto,S,chicken,12.75,January
380,380,2015-000155,2015-01-03,15:28:59,napolitana,L,classic,20.5,January
381,381,2015-000155,2015-01-03,15:28:59,peppr_salami,L,supreme,20.75,January
382,382,2015-000156,2015-01-03,15:42:19,thai_ckn,L,chicken,20.75,January
383,383,2015-000156,2015-01-03,15:42:19,napolitana,M,classic,16.0,January
384,384,2015-000157,2015-01-03,15:43:03,sicilian,M,supreme,16.25,January
385,385,2015-000157,2015-01-03,15:43:03,spin_pesto,M,veggie,16.5,January
386,386,2015-000157,2015-01-03,15:43:03,mediterraneo,M,veggie,16.0,January
387,387,2015-000157,2015-01-03,15:43:03,ital_supr,L,supreme,20.75,January
388,388,2015-000158,2015-01-03,15:54:30,thai_ckn,M,chicken,16.75,January
389,389,2015-000158,2015-01-03,15:54:30,ital_veggie,M,veggie,16.75,January
390,390,2015-000159,2015-01-03,15:59:22,thai_ckn,M,chicken,16.75,January
391,391,2015-000159,2015-01-03,15:59:22,four_cheese,L,veggie,17.95,January
392,392,2015-000160,2015-01-03,16:35:33,classic_dlx,M,classic,16.0,January
393,393,2015-000161,2015-01-03,16:43:46,hawaiian,S,classic,10.5,January
394,394,2015-000161,2015-01-03,16:43:46,the_greek,XL,classic,25.5,January
395,395,2015-000161,2015-01-03,16:43:46,spicy_ital,M,supreme,16.5,January
396,396,2015-000162,2015-01-03,16:51:22,big_meat,S,classic,12.0,January
397,397,2015-000163,2015-01-03,16:54:54,the_greek,M,classic,16.0,January
398,398,2015-000163,2015-01-03,16:54:54,hawaiian,M,classic,13.25,January
399,399,2015-000163,2015-01-03,16:54:54,pepperoni,L,classic,15.25,January
400,400,2015-000164,2015-01-03,16:56:33,pepperoni,M,classic,12.5,January
401,401,2015-000164,2015-01-03,16:56:33,cali_ckn,L,chicken,20.75,January
402,402,2015-000165,2015-01-03,16:57:37,prsc_argla,M,supreme,16.5,January
403,403,2015-000166,2015-01-03,16:58:51,prsc_argla,S,supreme,12.5,January
404,404,2015-000167,2015-01-03,17:00:49,bbq_ckn,L,chicken,20.75,January
405,405,2015-000167,2015-01-03,17:00:49,pepperoni,M,classic,12.5,January
406,406,2015-000167,2015-01-03,17:00:49,ital_supr,M,supreme,16.5,January
407,407,2015-000168,2015-01-03,17:02:27,veggie_veg,M,veggie,16.0,January
408,408,2015-000168,2015-01-03,17:02:27,big_meat,S,classic,12.0,January
409,409,2015-000169,2015-01-03,17:15:48,sicilian,M,supreme,16.25,January
410,410,2015-000169,2015-01-03,17:15:48,four_cheese,L,veggie,17.95,January
411,411,2015-000169,2015-01-03,17:15:48,ital_cpcllo,S,classic,12.0,January
412,412,2015-000170,2015-01-03,17:21:31,hawaiian,L,classic,16.5,January
413,413,2015-000171,2015-01-03,17:23:03,napolitana,M,classic,16.0,January
414,414,2015-000172,2015-01-03,17:29:24,thai_ckn,L,chicken,20.75,January
415,415,2015-000172,2015-01-03,17:29:24,spinach_supr,M,supreme,16.5,January
416,416,2015-000172,2015-01-03,17:29:24,napolitana,S,classic,12.0,January
417,417,2015-000173,2015-01-03,17:35:30,cali_ckn,M,chicken,16.75,January
418,418,2015-000173,2015-01-03,17:35:30,classic_dlx,M,classic,16.0,January
419,419,2015-000173,2015-01-03,17:35:30,veggie_veg,L,veggie,20.25,January
420,420,2015-000174,2015-01-03,17:37:49,big_meat,S,classic,12.0,January
421,421,2015-000174,2015-01-03,17:37:49,cali_ckn,M,chicken,16.75,January
422,422,2015-000174,2015-01-03,17:37:49,ital_cpcllo,M,classic,16.0,January
423,423,2015-000174,2015-01-03,17:37:49,cali_ckn,L,chicken,20.75,January
424,424,2015-000175,2015-01-03,17:50:51,ital_supr,L,supreme,20.75,January
425,425,2015-000176,2015-01-03,17:51:57,cali_ckn,L,chicken,20.75,January
426,426,2015-000176,2015-01-03,17:51:57,peppr_salami,M,supreme,16.5,January
427,427,2015-000177,2015-01-03,17:54:36,thai_ckn,L,chicken,20.75,January
428,428,2015-000177,2015-01-03,17:54:36,napolitana,S,classic,12.0,January
429,429,2015-000178,2015-01-03,18:15:03,peppr_salami,L,supreme,20.75,January
430,430,2015-000179,2015-01-03,18:20:14,sicilian,M,supreme,16.25,January
431,431,2015-000179,2015-01-03,18:20:14,veggie_veg,S,veggie,12.0,January
432,432,2015-000179,2015-01-03,18:20:14,hawaiian,L,classic,16.5,January
433,433,2015-000180,2015-01-03,18:33:34,prsc_argla,L,supreme,20.75,January
434,434,2015-000180,2015-01-03,18:33:34,classic_dlx,L,classic,20.5,January
435,435,2015-000181,2015-01-03,18:49:32,mexicana,L,veggie,20.25,January
436,436,2015-000182,2015-01-03,18:50:10,peppr_salami,L,supreme,20.75,January
437,437,2015-000182,2015-01-03,18:50:10,brie_carre,S,supreme,23.65,January
438,438,2015-000183,2015-01-03,18:54:55,spin_pesto,S,veggie,12.5,January
439,439,2015-000183,2015-01-03,18:54:55,spin_pesto,L,veggie,20.75,January
440,440,2015-000183,2015-01-03,18:54:55,napolitana,M,classic,16.0,January
441,441,2015-000184,2015-01-03,18:59:05,hawaiian,L,classic,16.5,January
442,442,2015-000185,2015-01-03,19:08:33,sicilian,M,supreme,16.25,January
443,443,2015-000185,2015-01-03,19:08:33,spin_pesto,S,veggie,12.5,January
444,444,2015-000186,2015-01-03,19:36:00,spin_pesto,L,veggie,20.75,January
445,445,2015-000186,2015-01-03,19:36:00,southw_ckn,L,chicken,20.75,January
446,446,2015-000186,2015-01-03,19:36:00,mexicana,L,veggie,20.25,January
447,447,2015-000186,2015-01-03,19:36:00,thai_ckn,L,chicken,20.75,January
448,448,2015-000187,2015-01-03,19:37:12,five_cheese,L,veggie,18.5,January
449,449,2015-000187,2015-01-03,19:37:12,spin_pesto,L,veggie,20.75,January
450,450,2015-000188,2015-01-03,20:08:39,peppr_salami,L,supreme,20.75,January
451,451,2015-000188,2015-01-03,20:08:39,five_cheese,L,veggie,18.5,January
452,452,2015-000188,2015-01-03,20:08:39,pepperoni,S,classic,9.75,January
453,453,2015-000189,2015-01-03,20:12:14,thai_ckn,S,chicken,12.75,January
454,454,2015-000189,2015-01-03,20:12:14,big_meat,S,classic,12.0,January
455,455,2015-000189,2015-01-03,20:12:14,big_meat,S,classic,12.0,January
456,456,2015-000190,2015-01-03,20:14:23,pep_msh_pep,S,classic,11.0,January
457,457,2015-000190,2015-01-03,20:14:23,prsc_argla,L,supreme,20.75,January
458,458,2015-000190,2015-01-03,20:14:23,four_cheese,M,veggie,14.75,January
459,459,2015-000190,2015-01-03,20:14:23,bbq_ckn,L,chicken,20.75,January
460,460,2015-000191,2015-01-03,20:24:50,cali_ckn,L,chicken,20.75,January
461,461,2015-000191,2015-01-03,20:24:50,ckn_alfredo,M,chicken,16.75,January
462,462,2015-000192,2015-01-03,20:30:08,southw_ckn,L,chicken,20.75,January
463,463,2015-000192,2015-01-03,20:30:08,sicilian,S,supreme,12.25,January
464,464,2015-000193,2015-01-03,20:55:47,big_meat,S,classic,12.0,January
465,465,2015-000193,2015-01-03,20:55:47,cali_ckn,M,chicken,16.75,January
466,466,2015-000193,2015-01-03,20:55:47,ckn_alfredo,L,chicken,20.75,January
467,467,2015-000193,2015-01-03,20:55:47,ckn_alfredo,L,chicken,20.75,January
468,468,2015-000194,2015-01-03,21:21:24,bbq_ckn,S,chicken,12.75,January
469,469,2015-000195,2015-01-03,21:25:20,bbq_ckn,L,chicken,20.75,January
470,470,2015-000196,2015-01-03,21:40:14,veggie_veg,M,veggie,16.0,January
471,471,2015-000196,2015-01-03,21:40:14,sicilian,S,supreme,12.25,January
472,472,2015-000196,2015-01-03,21:40:14,spicy_ital,M,supreme,16.5,January
473,473,2015-000197,2015-01-03,21:47:48,ital_cpcllo,L,classic,20.5,January
474,474,2015-000197,2015-01-03,21:47:48,soppressata,L,supreme,20.75,January
475,475,2015-000197,2015-01-03,21:47:48,four_cheese,L,veggie,17.95,January
476,476,2015-000197,2015-01-03,21:47:48,ital_veggie,L,veggie,21.0,January
477,477,2015-000198,2015-01-03,21:55:42,big_meat,S,classic,12.0,January
478,478,2015-000198,2015-01-03,21:55:42,ckn_alfredo,L,chicken,20.75,January
479,479,2015-000199,2015-01-03,22:10:38,ckn_alfredo,M,chicken,16.75,January
480,480,2015-000200,2015-01-03,22:24:05,the_greek,XL,classic,25.5,January
481,481,2015-000201,2015-01-03,22:29:59,the_greek,XL,classic,25.5,January
482,482,2015-000201,2015-01-03,22:29:59,ital_supr,L,supreme,20.75,January
483,483,2015-000201,2015-01-03,22:29:59,ckn_pesto,L,chicken,20.75,January
484,484,2015-000201,2015-01-03,22:29:59,calabrese,M,supreme,16.25,January
485,485,2015-000202,2015-01-03,22:50:29,cali_ckn,S,chicken,12.75,January
486,486,2015-000203,2015-01-04,11:30:48,the_greek,S,classic,12.0,January
487,487,2015-000203,2015-01-04,11:30:48,cali_ckn,L,chicken,20.75,January
488,488,2015-000203,2015-01-04,11:30:48,ital_veggie,M,veggie,16.75,January
489,489,2015-000203,2015-01-04,11:30:48,pep_msh_pep,L,classic,17.5,January
490,490,2015-000204,2015-01-04,11:36:25,spicy_ital,L,supreme,20.75,January
491,491,2015-000205,2015-01-04,11:43:54,cali_ckn,S,chicken,12.75,January
492,492,2015-000205,2015-01-04,11:43:54,ckn_alfredo,M,chicken,16.75,January
493,493,2015-000205,2015-01-04,11:43:54,prsc_argla,S,supreme,12.5,January
494,494,2015-000206,2015-01-04,11:45:10,napolitana,M,classic,16.0,January
495,495,2015-000206,2015-01-04,11:45:10,pepperoni,S,classic,9.75,January
496,496,2015-000206,2015-01-04,11:45:10,spicy_ital,L,supreme,20.75,January
497,497,2015-000207,2015-01-04,12:03:58,spicy_ital,L,supreme,20.75,January
498,498,2015-000208,2015-01-04,12:12:05,bbq_ckn,L,chicken,20.75,January
499,499,2015-000208,2015-01-04,12:12:05,pepperoni,M,classic,12.5,January
500,500,2015-000208,2015-01-04,12:12:05,the_greek,M,classic,16.0,January
501,501,2015-000208,2015-01-04,12:12:05,bbq_ckn,S,chicken,12.75,January
502,502,2015-000208,2015-01-04,12:12:05,ckn_alfredo,M,chicken,16.75,January
503,503,2015-000209,2015-01-04,12:29:17,cali_ckn,L,chicken,20.75,January
504,504,2015-000210,2015-01-04,12:34:13,spinach_fet,S,veggie,12.0,January
505,505,2015-000211,2015-01-04,12:54:20,pepperoni,S,classic,9.75,January
506,506,2015-000212,2015-01-04,13:16:03,ital_cpcllo,L,classic,20.5,January
507,507,2015-000213,2015-01-04,13:20:39,four_cheese,L,veggie,17.95,January
508,508,2015-000214,2015-01-04,13:39:16,mexicana,S,veggie,12.0,January
509,509,2015-000214,2015-01-04,13:39:16,spin_pesto,M,veggie,16.5,January
510,510,2015-000214,2015-01-04,13:39:16,ital_cpcllo,L,classic,20.5,January
511,511,2015-000214,2015-01-04,13:39:16,ital_supr,M,supreme,16.5,January
512,512,2015-000215,2015-01-04,13:44:49,green_garden,S,veggie,12.0,January
513,513,2015-000216,2015-01-04,14:31:56,five_cheese,L,veggie,18.5,January
514,514,2015-000216,2015-01-04,14:31:56,hawaiian,L,classic,16.5,January
515,515,2015-000216,2015-01-04,14:31:56,bbq_ckn,M,chicken,16.75,January
516,516,2015-000217,2015-01-04,14:35:03,spinach_fet,S,veggie,12.0,January
517,517,2015-000217,2015-01-04,14:35:03,classic_dlx,M,classic,16.0,January
518,518,2015-000218,2015-01-04,14:35:11,spicy_ital,M,supreme,16.5,January
519,519,2015-000219,2015-01-04,14:42:01,peppr_salami,M,supreme,16.5,January
520,520,2015-000219,2015-01-04,14:42:01,five_cheese,L,veggie,18.5,January
521,521,2015-000219,2015-01-04,14:42:01,bbq_ckn,L,chicken,20.75,January
522,522,2015-000219,2015-01-04,14:42:01,spinach_fet,M,veggie,16.0,January
523,523,2015-000220,2015-01-04,15:31:59,hawaiian,S,classic,10.5,January
524,524,2015-000220,2015-01-04,15:31:59,napolitana,L,classic,20.5,January
525,525,2015-000220,2015-01-04,15:31:59,ital_cpcllo,S,classic,12.0,January
526,526,2015-000220,2015-01-04,15:31:59,spicy_ital,L,supreme,20.75,January
527,527,2015-000221,2015-01-04,15:33:18,five_cheese,L,veggie,18.5,January
528,528,2015-000221,2015-01-04,15:33:18,prsc_argla,M,supreme,16.5,January
529,529,2015-000221,2015-01-04,15:33:18,the_greek,S,classic,12.0,January
530,530,2015-000222,2015-01-04,15:46:38,four_cheese,L,veggie,17.95,January
531,531,2015-000222,2015-01-04,15:46:38,sicilian,S,supreme,12.25,January
532,532,2015-000223,2015-01-04,16:08:20,pep_msh_pep,S,classic,11.0,January
533,533,2015-000224,2015-01-04,16:39:58,thai_ckn,L,chicken,20.75,January
534,534,2015-000224,2015-01-04,16:39:58,napolitana,M,classic,16.0,January
535,535,2015-000224,2015-01-04,16:39:58,ital_supr,M,supreme,16.5,January
536,536,2015-000224,2015-01-04,16:39:58,ckn_alfredo,S,chicken,12.75,January
537,537,2015-000225,2015-01-04,16:41:48,bbq_ckn,L,chicken,20.75,January
538,538,2015-000225,2015-01-04,16:41:48,bbq_ckn,M,chicken,16.75,January
539,539,2015-000225,2015-01-04,16:41:48,southw_ckn,S,chicken,12.75,January
540,540,2015-000226,2015-01-04,16:59:39,classic_dlx,L,classic,20.5,January
541,541,2015-000227,2015-01-04,17:24:39,the_greek,M,classic,16.0,January
542,542,2015-000227,2015-01-04,17:24:39,bbq_ckn,M,chicken,16.75,January
543,543,2015-000228,2015-01-04,17:31:24,ital_veggie,S,veggie,12.75,January
544,544,2015-000229,2015-01-04,17:37:57,ital_veggie,L,veggie,21.0,January
545,545,2015-000229,2015-01-04,17:37:57,prsc_argla,L,supreme,20.75,January
546,546,2015-000229,2015-01-04,17:37:57,spin_pesto,S,veggie,12.5,January
547,547,2015-000230,2015-01-04,17:58:38,thai_ckn,M,chicken,16.75,January
548,548,2015-000231,2015-01-04,18:04:18,cali_ckn,L,chicken,20.75,January
549,549,2015-000231,2015-01-04,18:04:18,prsc_argla,S,supreme,12.5,January
550,550,2015-000231,2015-01-04,18:04:18,napolitana,S,classic,12.0,January
551,551,2015-000232,2015-01-04,18:21:59,bbq_ckn,M,chicken,16.75,January
552,552,2015-000232,2015-01-04,18:21:59,spinach_supr,L,supreme,20.75,January
553,553,2015-000233,2015-01-04,18:26:51,spinach_fet,S,veggie,12.0,January
554,554,2015-000234,2015-01-04,18:36:09,napolitana,M,classic,16.0,January
555,555,2015-000234,2015-01-04,18:36:09,ital_supr,S,supreme,12.5,January
556,556,2015-000234,2015-01-04,18:36:09,ckn_alfredo,M,chicken,16.75,January
557,557,2015-000235,2015-01-04,18:51:30,cali_ckn,M,chicken,16.75,January
558,558,2015-000236,2015-01-04,19:21:04,green_garden,M,veggie,16.0,January
559,559,2015-000236,2015-01-04,19:21:04,classic_dlx,L,classic,20.5,January
560,560,2015-000237,2015-01-04,19:27:48,green_garden,S,veggie,12.0,January
561,561,2015-000238,2015-01-04,19:45:15,spin_pesto,L,veggie,20.75,January
562,562,2015-000239,2015-01-04,19:57:52,thai_ckn,M,chicken,16.75,January
563,563,2015-000239,2015-01-04,19:57:52,ital_supr,L,supreme,20.75,January
564,564,2015-000240,2015-01-04,20:10:24,four_cheese,M,veggie,14.75,January
565,565,2015-000241,2015-01-04,20:11:25,spinach_supr,L,supreme,20.75,January
566,566,2015-000241,2015-01-04,20:11:25,sicilian,M,supreme,16.25,January
567,567,2015-000242,2015-01-04,20:15:29,veggie_veg,M,veggie,16.0,January
568,568,2015-000242,2015-01-04,20:15:29,thai_ckn,L,chicken,20.75,January
569,569,2015-000242,2015-01-04,20:15:29,calabrese,M,supreme,16.25,January
570,570,2015-000243,2015-01-04,20:26:17,classic_dlx,L,classic,20.5,January
571,571,2015-000243,2015-01-04,20:26:17,spinach_supr,S,supreme,12.5,January
572,572,2015-000244,2015-01-04,20:26:22,spicy_ital,L,supreme,20.75,January
573,573,2015-000244,2015-01-04,20:26:22,ital_supr,S,supreme,12.5,January
574,574,2015-000245,2015-01-04,20:28:41,bbq_ckn,L,chicken,20.75,January
575,575,2015-000245,2015-01-04,20:28:41,ckn_pesto,L,chicken,20.75,January
576,576,2015-000246,2015-01-04,20:30:48,pepperoni,L,classic,15.25,January
577,577,2015-000246,2015-01-04,20:30:48,ckn_alfredo,M,chicken,16.75,January
578,578,2015-000247,2015-01-04,20:55:29,spinach_supr,S,supreme,12.5,January
579,579,2015-000247,2015-01-04,20:55:29,hawaiian,M,classic,13.25,January
580,580,2015-000247,2015-01-04,20:55:29,sicilian,M,supreme,16.25,January
581,581,2015-000248,2015-01-04,20:58:19,thai_ckn,L,chicken,20.75,January
582,582,2015-000248,2015-01-04,20:58:19,hawaiian,S,classic,10.5,January
583,583,2015-000249,2015-01-04,21:06:16,calabrese,S,supreme,12.25,January
584,584,2015-000249,2015-01-04,21:06:16,bbq_ckn,L,chicken,20.75,January
585,585,2015-000250,2015-01-04,21:07:05,four_cheese,M,veggie,14.75,January
586,586,2015-000251,2015-01-04,21:10:05,mexicana,M,veggie,16.0,January
587,587,2015-000252,2015-01-04,22:13:15,prsc_argla,M,supreme,16.5,January
588,588,2015-000253,2015-01-04,22:16:18,brie_carre,S,supreme,23.65,January
589,589,2015-000254,2015-01-04,22:22:13,five_cheese,L,veggie,18.5,January
590,590,2015-000254,2015-01-04,22:22:13,brie_carre,S,supreme,23.65,January
591,591,2015-000254,2015-01-04,22:22:13,bbq_ckn,L,chicken,20.75,January
592,592,2015-000255,2015-01-05,11:23:35,hawaiian,L,classic,16.5,January
593,593,2015-000255,2015-01-05,11:23:35,green_garden,M,veggie,16.0,January
594,594,2015-000255,2015-01-05,11:23:35,spinach_fet,M,veggie,16.0,January
595,595,2015-000255,2015-01-05,11:23:35,five_cheese,L,veggie,18.5,January
596,596,2015-000256,2015-01-05,11:56:06,pep_msh_pep,L,classic,17.5,January
597,597,2015-000257,2015-01-05,11:59:04,cali_ckn,L,chicken,20.75,January
598,598,2015-000257,2015-01-05,11:59:04,ckn_alfredo,L,chicken,20.75,January
599,599,2015-000258,2015-01-05,11:59:23,classic_dlx,M,classic,16.0,January
600,600,2015-000259,2015-01-05,12:04:25,pepperoni,L,classic,15.25,January
601,601,2015-000260,2015-01-05,12:06:27,five_cheese,L,veggie,18.5,January
602,602,2015-000260,2015-01-05,12:06:27,the_greek,L,classic,20.5,January
603,603,2015-000261,2015-01-05,12:38:29,brie_carre,S,supreme,23.65,January
604,604,2015-000262,2015-01-05,12:42:01,cali_ckn,M,chicken,16.75,January
605,605,2015-000263,2015-01-05,12:57:22,spin_pesto,L,veggie,20.75,January
606,606,2015-000264,2015-01-05,13:03:59,mexicana,M,veggie,16.0,January
607,607,2015-000265,2015-01-05,13:04:42,mexicana,L,veggie,20.25,January
608,608,2015-000265,2015-01-05,13:04:42,ckn_alfredo,M,chicken,16.75,January
609,609,2015-000265,2015-01-05,13:04:42,spicy_ital,L,supreme,20.75,January
610,610,2015-000265,2015-01-05,13:04:42,sicilian,M,supreme,16.25,January
611,611,2015-000266,2015-01-05,13:09:29,peppr_salami,M,supreme,16.5,January
612,612,2015-000267,2015-01-05,13:37:50,mediterraneo,L,veggie,20.25,January
613,613,2015-000267,2015-01-05,13:37:50,four_cheese,L,veggie,17.95,January
614,614,2015-000267,2015-01-05,13:37:50,napolitana,S,classic,12.0,January
615,615,2015-000268,2015-01-05,13:40:46,pepperoni,S,classic,9.75,January
616,616,2015-000268,2015-01-05,13:40:46,ital_supr,L,supreme,20.75,January
617,617,2015-000269,2015-01-05,13:49:34,ckn_alfredo,M,chicken,16.75,January
618,618,2015-000270,2015-01-05,14:09:02,spin_pesto,L,veggie,20.75,January
619,619,2015-000270,2015-01-05,14:09:02,southw_ckn,L,chicken,20.75,January
620,620,2015-000270,2015-01-05,14:09:02,thai_ckn,L,chicken,20.75,January
621,621,2015-000271,2015-01-05,14:22:19,cali_ckn,M,chicken,16.75,January
622,622,2015-000271,2015-01-05,14:22:19,ckn_alfredo,M,chicken,16.75,January
623,623,2015-000271,2015-01-05,14:22:19,ckn_alfredo,M,chicken,16.75,January
624,624,2015-000271,2015-01-05,14:22:19,ckn_pesto,L,chicken,20.75,January
625,625,2015-000271,2015-01-05,14:22:19,cali_ckn,M,chicken,16.75,January
626,626,2015-000271,2015-01-05,14:22:19,classic_dlx,M,classic,16.0,January
627,627,2015-000271,2015-01-05,14:22:19,the_greek,S,classic,12.0,January
628,628,2015-000271,2015-01-05,14:22:19,sicilian,S,supreme,12.25,January
629,629,2015-000271,2015-01-05,14:22:19,big_meat,S,classic,12.0,January
630,630,2015-000271,2015-01-05,14:22:19,ckn_pesto,L,chicken,20.75,January
631,631,2015-000271,2015-01-05,14:22:19,southw_ckn,M,chicken,16.75,January
632,632,2015-000271,2015-01-05,14:22:19,soppressata,M,supreme,16.5,January
633,633,2015-000271,2015-01-05,14:22:19,ital_supr,M,supreme,16.5,January
634,634,2015-000272,2015-01-05,14:24:05,ital_supr,M,supreme,16.5,January
635,635,2015-000273,2015-01-05,14:28:00,soppressata,S,supreme,12.5,January
636,636,2015-000274,2015-01-05,14:36:33,four_cheese,L,veggie,17.95,January
637,637,2015-000274,2015-01-05,14:36:33,thai_ckn,L,chicken,20.75,January
638,638,2015-000275,2015-01-05,14:38:14,sicilian,M,supreme,16.25,January
639,639,2015-000275,2015-01-05,14:38:14,five_cheese,L,veggie,18.5,January
640,640,2015-000275,2015-01-05,14:38:14,pepperoni,S,classic,9.75,January
641,641,2015-000275,2015-01-05,14:38:14,classic_dlx,L,classic,20.5,January
642,642,2015-000276,2015-01-05,15:18:18,spicy_ital,L,supreme,20.75,January
643,643,2015-000276,2015-01-05,15:18:18,five_cheese,L,veggie,18.5,January
644,644,2015-000277,2015-01-05,15:41:50,four_cheese,M,veggie,14.75,January
645,645,2015-000278,2015-01-05,15:49:21,southw_ckn,L,chicken,20.75,January
646,646,2015-000278,2015-01-05,15:49:21,ital_veggie,M,veggie,16.75,January
647,647,2015-000279,2015-01-05,16:07:03,ckn_alfredo,M,chicken,16.75,January
648,648,2015-000279,2015-01-05,16:07:03,cali_ckn,M,chicken,16.75,January
649,649,2015-000280,2015-01-05,16:20:23,prsc_argla,M,supreme,16.5,January
650,650,2015-000280,2015-01-05,16:20:23,veggie_veg,M,veggie,16.0,January
651,651,2015-000281,2015-01-05,16:33:48,sicilian,S,supreme,12.25,January
652,652,2015-000282,2015-01-05,16:49:38,classic_dlx,S,classic,12.0,January
653,653,2015-000282,2015-01-05,16:49:38,peppr_salami,L,supreme,20.75,January
654,654,2015-000282,2015-01-05,16:49:38,five_cheese,L,veggie,18.5,January
655,655,2015-000282,2015-01-05,16:49:38,spin_pesto,L,veggie,20.75,January
656,656,2015-000283,2015-01-05,16:51:43,napolitana,M,classic,16.0,January
657,657,2015-000284,2015-01-05,16:58:16,four_cheese,M,veggie,14.75,January
658,658,2015-000284,2015-01-05,16:58:16,napolitana,M,classic,16.0,January
659,659,2015-000284,2015-01-05,16:58:16,hawaiian,S,classic,10.5,January
660,660,2015-000285,2015-01-05,16:58:38,prsc_argla,L,supreme,20.75,January
661,661,2015-000286,2015-01-05,17:01:23,ital_supr,M,supreme,16.5,January
662,662,2015-000286,2015-01-05,17:01:23,peppr_salami,L,supreme,20.75,January
663,663,2015-000287,2015-01-05,17:30:09,sicilian,S,supreme,12.25,January
664,664,2015-000287,2015-01-05,17:30:09,ital_supr,M,supreme,16.5,January
665,665,2015-000287,2015-01-05,17:30:09,pep_msh_pep,M,classic,14.5,January
666,666,2015-000287,2015-01-05,17:30:09,pepperoni,M,classic,12.5,January
667,667,2015-000288,2015-01-05,17:32:44,prsc_argla,L,supreme,20.75,January
668,668,2015-000288,2015-01-05,17:32:44,spinach_supr,L,supreme,20.75,January
669,669,2015-000288,2015-01-05,17:32:44,brie_carre,S,supreme,23.65,January
670,670,2015-000289,2015-01-05,17:36:23,five_cheese,L,veggie,18.5,January
671,671,2015-000290,2015-01-05,17:41:16,veggie_veg,M,veggie,16.0,January
672,672,2015-000290,2015-01-05,17:41:16,classic_dlx,S,classic,12.0,January
673,673,2015-000291,2015-01-05,17:44:39,ckn_alfredo,M,chicken,16.75,January
674,674,2015-000291,2015-01-05,17:44:39,four_cheese,M,veggie,14.75,January
675,675,2015-000291,2015-01-05,17:44:39,ckn_alfredo,M,chicken,16.75,January
676,676,2015-000291,2015-01-05,17:44:39,bbq_ckn,L,chicken,20.75,January
677,677,2015-000292,2015-01-05,17:48:59,spin_pesto,M,veggie,16.5,January
678,678,2015-000292,2015-01-05,17:48:59,spinach_fet,L,veggie,20.25,January
679,679,2015-000293,2015-01-05,17:58:38,ital_veggie,S,veggie,12.75,January
680,680,2015-000293,2015-01-05,17:58:38,classic_dlx,S,classic,12.0,January
681,681,2015-000294,2015-01-05,18:16:35,thai_ckn,L,chicken,20.75,January
682,682,2015-000294,2015-01-05,18:16:35,ital_supr,L,supreme,20.75,January
683,683,2015-000294,2015-01-05,18:16:35,bbq_ckn,M,chicken,16.75,January
684,684,2015-000295,2015-01-05,18:20:12,cali_ckn,M,chicken,16.75,January
685,685,2015-000296,2015-01-05,18:46:54,thai_ckn,M,chicken,16.75,January
686,686,2015-000296,2015-01-05,18:46:54,ital_cpcllo,S,classic,12.0,January
687,687,2015-000296,2015-01-05,18:46:54,green_garden,S,veggie,12.0,January
688,688,2015-000297,2015-01-05,19:02:18,southw_ckn,M,chicken,16.75,January
689,689,2015-000298,2015-01-05,19:10:36,cali_ckn,S,chicken,12.75,January
690,690,2015-000298,2015-01-05,19:10:36,cali_ckn,M,chicken,16.75,January
691,691,2015-000298,2015-01-05,19:10:36,ckn_alfredo,M,chicken,16.75,January
692,692,2015-000298,2015-01-05,19:10:36,classic_dlx,S,classic,12.0,January
693,693,2015-000299,2015-01-05,19:34:31,spinach_fet,M,veggie,16.0,January
694,694,2015-000299,2015-01-05,19:34:31,classic_dlx,S,classic,12.0,January
695,695,2015-000300,2015-01-05,19:42:54,ital_cpcllo,S,classic,12.0,January
696,696,2015-000300,2015-01-05,19:42:54,spinach_supr,S,supreme,12.5,January
697,697,2015-000300,2015-01-05,19:42:54,big_meat,S,classic,12.0,January
698,698,2015-000300,2015-01-05,19:42:54,ital_veggie,S,veggie,12.75,January
699,699,2015-000301,2015-01-05,19:45:58,napolitana,L,classic,20.5,January
700,700,2015-000302,2015-01-05,19:57:37,peppr_salami,L,supreme,20.75,January
701,701,2015-000303,2015-01-05,20:02:51,ital_cpcllo,M,classic,16.0,January
702,702,2015-000303,2015-01-05,20:02:51,big_meat,S,classic,12.0,January
703,703,2015-000303,2015-01-05,20:02:51,pepperoni,S,classic,9.75,January
704,704,2015-000304,2015-01-05,20:07:58,mexicana,L,veggie,20.25,January
705,705,2015-000304,2015-01-05,20:07:58,hawaiian,S,classic,10.5,January
706,706,2015-000305,2015-01-05,20:35:40,sicilian,S,supreme,12.25,January
707,707,2015-000305,2015-01-05,20:35:40,pepperoni,L,classic,15.25,January
708,708,2015-000305,2015-01-05,20:35:40,spicy_ital,M,supreme,16.5,January
709,709,2015-000306,2015-01-05,20:37:40,big_meat,S,classic,12.0,January
710,710,2015-000306,2015-01-05,20:37:40,hawaiian,S,classic,10.5,January
711,711,2015-000306,2015-01-05,20:37:40,napolitana,M,classic,16.0,January
712,712,2015-000307,2015-01-05,21:45:38,classic_dlx,L,classic,20.5,January
713,713,2015-000307,2015-01-05,21:45:38,thai_ckn,M,chicken,16.75,January
714,714,2015-000308,2015-01-05,21:59:46,pep_msh_pep,L,classic,17.5,January
715,715,2015-000308,2015-01-05,21:59:46,thai_ckn,S,chicken,12.75,January
716,716,2015-000308,2015-01-05,21:59:46,hawaiian,L,classic,16.5,January
717,717,2015-000309,2015-01-06,11:39:06,five_cheese,L,veggie,18.5,January
718,718,2015-000309,2015-01-06,11:39:06,peppr_salami,M,supreme,16.5,January
719,719,2015-000310,2015-01-06,11:40:48,thai_ckn,S,chicken,12.75,January
720,720,2015-000310,2015-01-06,11:40:48,hawaiian,S,classic,10.5,January
721,721,2015-000311,2015-01-06,11:57:27,sicilian,L,supreme,20.25,January
722,722,2015-000312,2015-01-06,12:05:21,big_meat,S,classic,12.0,January
723,723,2015-000312,2015-01-06,12:05:21,sicilian,M,supreme,16.25,January
724,724,2015-000312,2015-01-06,12:05:21,brie_carre,S,supreme,23.65,January
725,725,2015-000312,2015-01-06,12:05:21,ckn_alfredo,M,chicken,16.75,January
726,726,2015-000313,2015-01-06,12:09:09,classic_dlx,M,classic,16.0,January
727,727,2015-000314,2015-01-06,12:11:58,five_cheese,L,veggie,18.5,January
728,728,2015-000314,2015-01-06,12:11:58,veggie_veg,M,veggie,16.0,January
729,729,2015-000314,2015-01-06,12:11:58,calabrese,M,supreme,16.25,January
730,730,2015-000314,2015-01-06,12:11:58,green_garden,M,veggie,16.0,January
731,731,2015-000314,2015-01-06,12:11:58,hawaiian,M,classic,13.25,January
732,732,2015-000315,2015-01-06,12:17:40,classic_dlx,M,classic,16.0,January
733,733,2015-000316,2015-01-06,12:29:34,hawaiian,S,classic,10.5,January
734,734,2015-000316,2015-01-06,12:29:34,ital_supr,M,supreme,16.5,January
735,735,2015-000317,2015-01-06,12:31:00,prsc_argla,S,supreme,12.5,January
736,736,2015-000317,2015-01-06,12:31:00,pep_msh_pep,L,classic,17.5,January
737,737,2015-000317,2015-01-06,12:31:00,spinach_fet,S,veggie,12.0,January
738,738,2015-000317,2015-01-06,12:31:00,classic_dlx,M,classic,16.0,January
739,739,2015-000317,2015-01-06,12:31:00,hawaiian,S,classic,10.5,January
740,740,2015-000317,2015-01-06,12:31:00,four_cheese,L,veggie,17.95,January
741,741,2015-000317,2015-01-06,12:31:00,cali_ckn,S,chicken,12.75,January
742,742,2015-000318,2015-01-06,12:45:14,soppressata,S,supreme,12.5,January
743,743,2015-000318,2015-01-06,12:45:14,spicy_ital,L,supreme,20.75,January
744,744,2015-000318,2015-01-06,12:45:14,ital_cpcllo,L,classic,20.5,January
745,745,2015-000318,2015-01-06,12:45:14,mexicana,L,veggie,20.25,January
746,746,2015-000319,2015-01-06,12:46:22,ital_supr,M,supreme,16.5,January
747,747,2015-000320,2015-01-06,12:46:40,ckn_pesto,L,chicken,20.75,January
748,748,2015-000320,2015-01-06,12:46:40,cali_ckn,M,chicken,16.75,January
749,749,2015-000321,2015-01-06,12:56:21,ital_supr,L,supreme,20.75,January
750,750,2015-000322,2015-01-06,13:02:13,ckn_pesto,L,chicken,20.75,January
751,751,2015-000322,2015-01-06,13:02:13,thai_ckn,L,chicken,20.75,January
752,752,2015-000322,2015-01-06,13:02:13,classic_dlx,S,classic,12.0,January
753,753,2015-000322,2015-01-06,13:02:13,cali_ckn,L,chicken,20.75,January
754,754,2015-000323,2015-01-06,13:05:33,classic_dlx,M,classic,16.0,January
755,755,2015-000324,2015-01-06,13:06:44,five_cheese,L,veggie,18.5,January
756,756,2015-000325,2015-01-06,13:07:32,veggie_veg,S,veggie,12.0,January
757,757,2015-000325,2015-01-06,13:07:32,classic_dlx,S,classic,12.0,January
758,758,2015-000326,2015-01-06,13:10:13,spinach_supr,L,supreme,20.75,January
759,759,2015-000326,2015-01-06,13:10:13,cali_ckn,M,chicken,16.75,January
760,760,2015-000327,2015-01-06,13:10:54,classic_dlx,M,classic,16.0,January
761,761,2015-000328,2015-01-06,13:16:35,mediterraneo,L,veggie,20.25,January
762,762,2015-000329,2015-01-06,13:22:44,spicy_ital,L,supreme,20.75,January
763,763,2015-000329,2015-01-06,13:22:44,spinach_supr,M,supreme,16.5,January
764,764,2015-000330,2015-01-06,13:27:11,four_cheese,L,veggie,17.95,January
765,765,2015-000330,2015-01-06,13:27:11,five_cheese,L,veggie,18.5,January
766,766,2015-000330,2015-01-06,13:27:11,hawaiian,L,classic,16.5,January
767,767,2015-000330,2015-01-06,13:27:11,four_cheese,L,veggie,17.95,January
768,768,2015-000330,2015-01-06,13:27:11,spicy_ital,M,supreme,16.5,January
769,769,2015-000330,2015-01-06,13:27:11,classic_dlx,M,classic,16.0,January
770,770,2015-000330,2015-01-06,13:27:11,the_greek,M,classic,16.0,January
771,771,2015-000330,2015-01-06,13:27:11,big_meat,S,classic,12.0,January
772,772,2015-000330,2015-01-06,13:27:11,ckn_alfredo,M,chicken,16.75,January
773,773,2015-000330,2015-01-06,13:27:11,spicy_ital,L,supreme,20.75,January
774,774,2015-000330,2015-01-06,13:27:11,classic_dlx,S,classic,12.0,January
775,775,2015-000330,2015-01-06,13:27:11,pep_msh_pep,L,classic,17.5,January
776,776,2015-000330,2015-01-06,13:27:11,spinach_fet,L,veggie,20.25,January
777,777,2015-000330,2015-01-06,13:27:11,peppr_salami,S,supreme,12.5,January
778,778,2015-000330,2015-01-06,13:27:11,sicilian,L,supreme,20.25,January
779,779,2015-000331,2015-01-06,13:43:30,prsc_argla,M,supreme,16.5,January
780,780,2015-000332,2015-01-06,14:12:01,sicilian,M,supreme,16.25,January
781,781,2015-000332,2015-01-06,14:12:01,southw_ckn,L,chicken,20.75,January
782,782,2015-000332,2015-01-06,14:12:01,thai_ckn,M,chicken,16.75,January
783,783,2015-000333,2015-01-06,14:16:36,ckn_alfredo,M,chicken,16.75,January
784,784,2015-000334,2015-01-06,14:24:18,southw_ckn,M,chicken,16.75,January
785,785,2015-000334,2015-01-06,14:24:18,calabrese,L,supreme,20.25,January
786,786,2015-000334,2015-01-06,14:24:18,pepperoni,M,classic,12.5,January
787,787,2015-000334,2015-01-06,14:24:18,thai_ckn,L,chicken,20.75,January
788,788,2015-000335,2015-01-06,14:24:47,mediterraneo,L,veggie,20.25,January
789,789,2015-000336,2015-01-06,14:51:41,prsc_argla,L,supreme,20.75,January
790,790,2015-000337,2015-01-06,15:03:12,hawaiian,L,classic,16.5,January
791,791,2015-000337,2015-01-06,15:03:12,pepperoni,L,classic,15.25,January
792,792,2015-000338,2015-01-06,15:18:26,the_greek,XL,classic,25.5,January
793,793,2015-000338,2015-01-06,15:18:26,thai_ckn,L,chicken,20.75,January
794,794,2015-000338,2015-01-06,15:18:26,mexicana,L,veggie,20.25,January
795,795,2015-000339,2015-01-06,15:25:13,spicy_ital,M,supreme,16.5,January
796,796,2015-000340,2015-01-06,15:35:32,peppr_salami,S,supreme,12.5,January
797,797,2015-000341,2015-01-06,15:35:47,pepperoni,S,classic,9.75,January
798,798,2015-000341,2015-01-06,15:35:47,bbq_ckn,M,chicken,16.75,January
799,799,2015-000342,2015-01-06,15:44:12,southw_ckn,L,chicken,20.75,January
800,800,2015-000342,2015-01-06,15:44:12,sicilian,L,supreme,20.25,January
801,801,2015-000343,2015-01-06,15:45:37,five_cheese,L,veggie,18.5,January
802,802,2015-000343,2015-01-06,15:45:37,four_cheese,M,veggie,14.75,January
803,803,2015-000344,2015-01-06,16:01:11,ital_cpcllo,M,classic,16.0,January
804,804,2015-000345,2015-01-06,16:01:47,peppr_salami,S,supreme,12.5,January
805,805,2015-000345,2015-01-06,16:01:47,spinach_fet,S,veggie,12.0,January
806,806,2015-000346,2015-01-06,16:30:00,hawaiian,S,classic,10.5,January
807,807,2015-000346,2015-01-06,16:30:00,napolitana,S,classic,12.0,January
808,808,2015-000346,2015-01-06,16:30:00,ital_cpcllo,L,classic,20.5,January
809,809,2015-000346,2015-01-06,16:30:00,green_garden,S,veggie,12.0,January
810,810,2015-000347,2015-01-06,16:37:17,thai_ckn,L,chicken,20.75,January
811,811,2015-000347,2015-01-06,16:37:17,spinach_fet,L,veggie,20.25,January
812,812,2015-000347,2015-01-06,16:37:17,veggie_veg,M,veggie,16.0,January
813,813,2015-000348,2015-01-06,16:49:12,thai_ckn,S,chicken,12.75,January
814,814,2015-000348,2015-01-06,16:49:12,thai_ckn,L,chicken,20.75,January
815,815,2015-000348,2015-01-06,16:49:12,classic_dlx,M,classic,16.0,January
816,816,2015-000349,2015-01-06,17:25:58,pepperoni,L,classic,15.25,January
817,817,2015-000350,2015-01-06,17:37:05,spicy_ital,S,supreme,12.5,January
818,818,2015-000350,2015-01-06,17:37:05,classic_dlx,L,classic,20.5,January
819,819,2015-000350,2015-01-06,17:37:05,pepperoni,M,classic,12.5,January
820,820,2015-000350,2015-01-06,17:37:05,pepperoni,M,classic,12.5,January
821,821,2015-000351,2015-01-06,17:37:29,hawaiian,M,classic,13.25,January
822,822,2015-000351,2015-01-06,17:37:29,big_meat,S,classic,12.0,January
823,823,2015-000352,2015-01-06,17:45:48,ital_cpcllo,L,classic,20.5,January
824,824,2015-000352,2015-01-06,17:45:48,big_meat,S,classic,12.0,January
825,825,2015-000353,2015-01-06,17:59:48,prsc_argla,S,supreme,12.5,January
826,826,2015-000353,2015-01-06,17:59:48,bbq_ckn,L,chicken,20.75,January
827,827,2015-000353,2015-01-06,17:59:48,cali_ckn,L,chicken,20.75,January
828,828,2015-000354,2015-01-06,18:01:44,veggie_veg,L,veggie,20.25,January
829,829,2015-000354,2015-01-06,18:01:44,green_garden,S,veggie,12.0,January
830,830,2015-000355,2015-01-06,18:14:45,ital_supr,M,supreme,16.5,January
831,831,2015-000355,2015-01-06,18:14:45,ckn_alfredo,M,chicken,16.75,January
832,832,2015-000356,2015-01-06,18:16:05,ckn_alfredo,M,chicken,16.75,January
833,833,2015-000357,2015-01-06,18:27:58,spinach_fet,S,veggie,12.0,January
834,834,2015-000357,2015-01-06,18:27:58,cali_ckn,L,chicken,20.75,January
835,835,2015-000357,2015-01-06,18:27:58,southw_ckn,S,chicken,12.75,January
836,836,2015-000358,2015-01-06,18:30:12,ital_supr,M,supreme,16.5,January
837,837,2015-000359,2015-01-06,18:33:08,thai_ckn,L,chicken,20.75,January
838,838,2015-000359,2015-01-06,18:33:08,green_garden,M,veggie,16.0,January
839,839,2015-000360,2015-01-06,18:50:38,green_garden,S,veggie,12.0,January
840,840,2015-000360,2015-01-06,18:50:38,hawaiian,S,classic,10.5,January
841,841,2015-000360,2015-01-06,18:50:38,bbq_ckn,L,chicken,20.75,January
842,842,2015-000361,2015-01-06,19:12:38,big_meat,S,classic,12.0,January
843,843,2015-000361,2015-01-06,19:12:38,ital_cpcllo,S,classic,12.0,January
844,844,2015-000361,2015-01-06,19:12:38,big_meat,S,classic,12.0,January
845,845,2015-000362,2015-01-06,19:13:36,mexicana,L,veggie,20.25,January
846,846,2015-000362,2015-01-06,19:13:36,bbq_ckn,M,chicken,16.75,January
847,847,2015-000363,2015-01-06,19:20:31,mexicana,L,veggie,20.25,January
848,848,2015-000363,2015-01-06,19:20:31,mediterraneo,L,veggie,20.25,January
849,849,2015-000364,2015-01-06,19:27:24,the_greek,XL,classic,25.5,January
850,850,2015-000364,2015-01-06,19:27:24,ital_supr,M,supreme,16.5,January
851,851,2015-000365,2015-01-06,19:37:26,four_cheese,M,veggie,14.75,January
852,852,2015-000365,2015-01-06,19:37:26,mediterraneo,L,veggie,20.25,January
853,853,2015-000365,2015-01-06,19:37:26,pepperoni,M,classic,12.5,January
854,854,2015-000366,2015-01-06,20:04:20,ital_cpcllo,L,classic,20.5,January
855,855,2015-000367,2015-01-06,20:05:12,hawaiian,L,classic,16.5,January
856,856,2015-000367,2015-01-06,20:05:12,spinach_fet,M,veggie,16.0,January
857,857,2015-000368,2015-01-06,20:28:16,spin_pesto,M,veggie,16.5,January
858,858,2015-000368,2015-01-06,20:28:16,thai_ckn,L,chicken,20.75,January
859,859,2015-000369,2015-01-06,20:30:06,spinach_fet,M,veggie,16.0,January
860,860,2015-000370,2015-01-06,21:02:30,hawaiian,S,classic,10.5,January
861,861,2015-000370,2015-01-06,21:02:30,four_cheese,L,veggie,17.95,January
862,862,2015-000371,2015-01-06,21:15:20,pepperoni,M,classic,12.5,January
863,863,2015-000372,2015-01-06,22:26:59,spinach_fet,S,veggie,12.0,January
864,864,2015-000373,2015-01-07,11:45:18,ckn_pesto,S,chicken,12.75,January
865,865,2015-000373,2015-01-07,11:45:18,sicilian,L,supreme,20.25,January
866,866,2015-000373,2015-01-07,11:45:18,classic_dlx,M,classic,16.0,January
867,867,2015-000374,2015-01-07,11:55:59,peppr_salami,S,supreme,12.5,January
868,868,2015-000374,2015-01-07,11:55:59,ckn_alfredo,M,chicken,16.75,January
869,869,2015-000374,2015-01-07,11:55:59,big_meat,S,classic,12.0,January
870,870,2015-000375,2015-01-07,11:58:36,mexicana,M,veggie,16.0,January
871,871,2015-000376,2015-01-07,12:01:17,veggie_veg,L,veggie,20.25,January
872,872,2015-000376,2015-01-07,12:01:17,the_greek,XL,classic,25.5,January
873,873,2015-000377,2015-01-07,12:03:18,thai_ckn,L,chicken,20.75,January
874,874,2015-000377,2015-01-07,12:03:18,hawaiian,M,classic,13.25,January
875,875,2015-000378,2015-01-07,12:19:37,ital_veggie,S,veggie,12.75,January
876,876,2015-000379,2015-01-07,12:25:37,thai_ckn,L,chicken,20.75,January
877,877,2015-000380,2015-01-07,12:32:10,cali_ckn,M,chicken,16.75,January
878,878,2015-000380,2015-01-07,12:32:10,calabrese,M,supreme,16.25,January
879,879,2015-000381,2015-01-07,12:33:06,southw_ckn,M,chicken,16.75,January
880,880,2015-000382,2015-01-07,12:33:07,thai_ckn,S,chicken,12.75,January
881,881,2015-000382,2015-01-07,12:33:07,veggie_veg,M,veggie,16.0,January
882,882,2015-000383,2015-01-07,12:43:59,spicy_ital,M,supreme,16.5,January
883,883,2015-000384,2015-01-07,12:51:46,hawaiian,S,classic,10.5,January
884,884,2015-000384,2015-01-07,12:51:46,the_greek,S,classic,12.0,January
885,885,2015-000384,2015-01-07,12:51:46,ital_cpcllo,M,classic,16.0,January
886,886,2015-000384,2015-01-07,12:51:46,mediterraneo,M,veggie,16.0,January
887,887,2015-000385,2015-01-07,12:54:19,veggie_veg,L,veggie,20.25,January
888,888,2015-000386,2015-01-07,12:58:16,ital_veggie,S,veggie,12.75,January
889,889,2015-000386,2015-01-07,12:58:16,soppressata,M,supreme,16.5,January
890,890,2015-000386,2015-01-07,12:58:16,thai_ckn,M,chicken,16.75,January
891,891,2015-000387,2015-01-07,13:03:14,pepperoni,S,classic,9.75,January
892,892,2015-000387,2015-01-07,13:03:14,ckn_pesto,M,chicken,16.75,January
893,893,2015-000387,2015-01-07,13:03:14,five_cheese,L,veggie,18.5,January
894,894,2015-000387,2015-01-07,13:03:14,spicy_ital,L,supreme,20.75,January
895,895,2015-000387,2015-01-07,13:03:14,spinach_fet,S,veggie,12.0,January
896,896,2015-000387,2015-01-07,13:03:14,bbq_ckn,S,chicken,12.75,January
897,897,2015-000387,2015-01-07,13:03:14,big_meat,S,classic,12.0,January
898,898,2015-000388,2015-01-07,13:04:56,ckn_alfredo,M,chicken,16.75,January
899,899,2015-000388,2015-01-07,13:04:56,veggie_veg,S,veggie,12.0,January
900,900,2015-000388,2015-01-07,13:04:56,mediterraneo,M,veggie,16.0,January
901,901,2015-000388,2015-01-07,13:04:56,bbq_ckn,S,chicken,12.75,January
902,902,2015-000389,2015-01-07,13:10:17,spin_pesto,L,veggie,20.75,January
903,903,2015-000390,2015-01-07,13:15:32,pep_msh_pep,L,classic,17.5,January
904,904,2015-000391,2015-01-07,13:25:31,the_greek,M,classic,16.0,January
905,905,2015-000392,2015-01-07,13:36:47,pepperoni,S,classic,9.75,January
906,906,2015-000392,2015-01-07,13:36:47,prsc_argla,L,supreme,20.75,January
907,907,2015-000392,2015-01-07,13:36:47,cali_ckn,L,chicken,20.75,January
908,908,2015-000392,2015-01-07,13:36:47,sicilian,L,supreme,20.25,January
909,909,2015-000392,2015-01-07,13:36:47,soppressata,L,supreme,20.75,January
910,910,2015-000392,2015-01-07,13:36:47,spicy_ital,L,supreme,20.75,January
911,911,2015-000392,2015-01-07,13:36:47,calabrese,S,supreme,12.25,January
912,912,2015-000392,2015-01-07,13:36:47,big_meat,S,classic,12.0,January
913,913,2015-000392,2015-01-07,13:36:47,pepperoni,S,classic,9.75,January
914,914,2015-000393,2015-01-07,13:48:31,hawaiian,L,classic,16.5,January
915,915,2015-000393,2015-01-07,13:48:31,green_garden,S,veggie,12.0,January
916,916,2015-000394,2015-01-07,14:02:18,veggie_veg,S,veggie,12.0,January
917,917,2015-000394,2015-01-07,14:02:18,hawaiian,S,classic,10.5,January
918,918,2015-000394,2015-01-07,14:02:18,thai_ckn,L,chicken,20.75,January
919,919,2015-000394,2015-01-07,14:02:18,ckn_pesto,S,chicken,12.75,January
920,920,2015-000394,2015-01-07,14:02:18,spicy_ital,L,supreme,20.75,January
921,921,2015-000394,2015-01-07,14:02:18,big_meat,S,classic,12.0,January
922,922,2015-000394,2015-01-07,14:02:18,sicilian,L,supreme,20.25,January
923,923,2015-000394,2015-01-07,14:02:18,pepperoni,M,classic,12.5,January
924,924,2015-000394,2015-01-07,14:02:18,hawaiian,L,classic,16.5,January
925,925,2015-000394,2015-01-07,14:02:18,pep_msh_pep,L,classic,17.5,January
926,926,2015-000394,2015-01-07,14:02:18,pepperoni,S,classic,9.75,January
927,927,2015-000394,2015-01-07,14:02:18,spin_pesto,S,veggie,12.5,January
928,928,2015-000394,2015-01-07,14:02:18,pepperoni,M,classic,12.5,January
929,929,2015-000394,2015-01-07,14:02:18,pepperoni,M,classic,12.5,January
930,930,2015-000395,2015-01-07,14:11:08,napolitana,M,classic,16.0,January
931,931,2015-000396,2015-01-07,14:12:21,spinach_fet,S,veggie,12.0,January
932,932,2015-000397,2015-01-07,14:31:10,pepperoni,M,classic,12.5,January
933,933,2015-000397,2015-01-07,14:31:10,five_cheese,L,veggie,18.5,January
934,934,2015-000397,2015-01-07,14:31:10,hawaiian,L,classic,16.5,January
935,935,2015-000397,2015-01-07,14:31:10,five_cheese,L,veggie,18.5,January
936,936,2015-000398,2015-01-07,14:56:26,pepperoni,S,classic,9.75,January
937,937,2015-000399,2015-01-07,15:47:49,the_greek,M,classic,16.0,January
938,938,2015-000399,2015-01-07,15:47:49,bbq_ckn,M,chicken,16.75,January
939,939,2015-000399,2015-01-07,15:47:49,four_cheese,M,veggie,14.75,January
940,940,2015-000399,2015-01-07,15:47:49,cali_ckn,L,chicken,20.75,January
941,941,2015-000400,2015-01-07,16:03:07,thai_ckn,L,chicken,20.75,January
942,942,2015-000400,2015-01-07,16:03:07,pepperoni,M,classic,12.5,January
943,943,2015-000401,2015-01-07,16:08:35,veggie_veg,M,veggie,16.0,January
944,944,2015-000402,2015-01-07,16:24:46,four_cheese,L,veggie,17.95,January
945,945,2015-000402,2015-01-07,16:24:46,ital_supr,M,supreme,16.5,January
946,946,2015-000403,2015-01-07,16:26:10,prsc_argla,S,supreme,12.5,January
947,947,2015-000403,2015-01-07,16:26:10,classic_dlx,L,classic,20.5,January
948,948,2015-000403,2015-01-07,16:26:10,bbq_ckn,S,chicken,12.75,January
949,949,2015-000404,2015-01-07,16:39:27,ckn_pesto,L,chicken,20.75,January
950,950,2015-000405,2015-01-07,16:44:16,sicilian,L,supreme,20.25,January
951,951,2015-000406,2015-01-07,16:50:49,classic_dlx,M,classic,16.0,January
952,952,2015-000406,2015-01-07,16:50:49,ital_veggie,S,veggie,12.75,January
953,953,2015-000406,2015-01-07,16:50:49,ckn_alfredo,M,chicken,16.75,January
954,954,2015-000407,2015-01-07,16:56:42,cali_ckn,M,chicken,16.75,January
955,955,2015-000407,2015-01-07,16:56:42,pepperoni,M,classic,12.5,January
956,956,2015-000407,2015-01-07,16:56:42,classic_dlx,L,classic,20.5,January
957,957,2015-000408,2015-01-07,17:09:09,brie_carre,S,supreme,23.65,January
958,958,2015-000408,2015-01-07,17:09:09,peppr_salami,M,supreme,16.5,January
959,959,2015-000409,2015-01-07,17:15:04,pepperoni,L,classic,15.25,January
960,960,2015-000410,2015-01-07,17:33:49,mediterraneo,M,veggie,16.0,January
961,961,2015-000410,2015-01-07,17:33:49,big_meat,S,classic,12.0,January
962,962,2015-000410,2015-01-07,17:33:49,big_meat,S,classic,12.0,January
963,963,2015-000410,2015-01-07,17:33:49,the_greek,XL,classic,25.5,January
964,964,2015-000411,2015-01-07,17:58:09,ital_supr,M,supreme,16.5,January
965,965,2015-000411,2015-01-07,17:58:09,southw_ckn,L,chicken,20.75,January
966,966,2015-000412,2015-01-07,18:07:46,spinach_supr,M,supreme,16.5,January
967,967,2015-000412,2015-01-07,18:07:46,brie_carre,S,supreme,23.65,January
968,968,2015-000413,2015-01-07,18:11:32,the_greek,S,classic,12.0,January
969,969,2015-000414,2015-01-07,18:13:22,ital_supr,M,supreme,16.5,January
970,970,2015-000414,2015-01-07,18:13:22,five_cheese,L,veggie,18.5,January
971,971,2015-000414,2015-01-07,18:13:22,classic_dlx,S,classic,12.0,January
972,972,2015-000415,2015-01-07,18:16:23,cali_ckn,S,chicken,12.75,January
973,973,2015-000416,2015-01-07,18:17:42,spinach_fet,L,veggie,20.25,January
974,974,2015-000417,2015-01-07,18:24:40,pepperoni,S,classic,9.75,January
975,975,2015-000418,2015-01-07,18:40:11,sicilian,M,supreme,16.25,January
976,976,2015-000418,2015-01-07,18:40:11,ckn_pesto,M,chicken,16.75,January
977,977,2015-000419,2015-01-07,19:02:31,bbq_ckn,L,chicken,20.75,January
978,978,2015-000419,2015-01-07,19:02:31,veggie_veg,S,veggie,12.0,January
979,979,2015-000419,2015-01-07,19:02:31,ital_veggie,M,veggie,16.75,January
980,980,2015-000419,2015-01-07,19:02:31,hawaiian,L,classic,16.5,January
981,981,2015-000420,2015-01-07,19:04:40,pep_msh_pep,S,classic,11.0,January
982,982,2015-000420,2015-01-07,19:04:40,five_cheese,L,veggie,18.5,January
983,983,2015-000421,2015-01-07,19:21:58,ckn_pesto,S,chicken,12.75,January
984,984,2015-000421,2015-01-07,19:21:58,bbq_ckn,L,chicken,20.75,January
985,985,2015-000421,2015-01-07,19:21:58,calabrese,L,supreme,20.25,January
986,986,2015-000422,2015-01-07,19:30:25,spinach_fet,M,veggie,16.0,January
987,987,2015-000422,2015-01-07,19:30:25,four_cheese,L,veggie,17.95,January
988,988,2015-000422,2015-01-07,19:30:25,ital_supr,M,supreme,16.5,January
989,989,2015-000423,2015-01-07,19:45:07,ital_supr,L,supreme,20.75,January
990,990,2015-000423,2015-01-07,19:45:07,sicilian,S,supreme,12.25,January
991,991,2015-000424,2015-01-07,20:01:28,pepperoni,M,classic,12.5,January
992,992,2015-000425,2015-01-07,20:21:19,soppressata,M,supreme,16.5,January
993,993,2015-000426,2015-01-07,20:25:45,classic_dlx,M,classic,16.0,January
994,994,2015-000426,2015-01-07,20:25:45,soppressata,M,supreme,16.5,January
995,995,2015-000426,2015-01-07,20:25:45,sicilian,S,supreme,12.25,January
996,996,2015-000427,2015-01-07,21:49:00,spinach_fet,L,veggie,20.25,January
997,997,2015-000428,2015-01-07,22:05:00,calabrese,L,supreme,20.25,January
998,998,2015-000428,2015-01-07,22:05:00,ital_cpcllo,S,classic,12.0,January
999,999,2015-000429,2015-01-07,22:16:53,spicy_ital,M,supreme,16.5,January
1000,1000,2015-000430,2015-01-07,22:46:13,green_garden,M,veggie,16.0,January
1001,1001,2015-000430,2015-01-07,22:46:13,sicilian,S,supreme,12.25,January
1002,1002,2015-000431,2015-01-08,11:17:13,ckn_alfredo,S,chicken,12.75,January
1003,1003,2015-000431,2015-01-08,11:17:13,four_cheese,L,veggie,17.95,January
1004,1004,2015-000431,2015-01-08,11:17:13,hawaiian,L,classic,16.5,January
1005,1005,2015-000431,2015-01-08,11:17:13,big_meat,S,classic,12.0,January
1006,1006,2015-000432,2015-01-08,11:39:07,thai_ckn,L,chicken,20.75,January
1007,1007,2015-000432,2015-01-08,11:39:07,ital_cpcllo,S,classic,12.0,January
1008,1008,2015-000432,2015-01-08,11:39:07,veggie_veg,S,veggie,12.0,January
1009,1009,2015-000433,2015-01-08,11:49:50,spicy_ital,L,supreme,20.75,January
1010,1010,2015-000434,2015-01-08,11:54:14,spicy_ital,L,supreme,20.75,January
1011,1011,2015-000434,2015-01-08,11:54:14,veggie_veg,L,veggie,20.25,January
1012,1012,2015-000434,2015-01-08,11:54:14,napolitana,M,classic,16.0,January
1013,1013,2015-000435,2015-01-08,12:06:09,pep_msh_pep,M,classic,14.5,January
1014,1014,2015-000435,2015-01-08,12:06:09,spinach_supr,S,supreme,12.5,January
1015,1015,2015-000435,2015-01-08,12:06:09,classic_dlx,M,classic,16.0,January
1016,1016,2015-000436,2015-01-08,12:07:21,classic_dlx,L,classic,20.5,January
1017,1017,2015-000436,2015-01-08,12:07:21,ital_supr,M,supreme,16.5,January
1018,1018,2015-000436,2015-01-08,12:07:21,peppr_salami,S,supreme,12.5,January
1019,1019,2015-000436,2015-01-08,12:07:21,pep_msh_pep,S,classic,11.0,January
1020,1020,2015-000437,2015-01-08,12:07:54,bbq_ckn,M,chicken,16.75,January
1021,1021,2015-000438,2015-01-08,12:08:38,veggie_veg,M,veggie,16.0,January
1022,1022,2015-000439,2015-01-08,12:13:08,ckn_alfredo,M,chicken,16.75,January
1023,1023,2015-000439,2015-01-08,12:13:08,the_greek,S,classic,12.0,January
1024,1024,2015-000439,2015-01-08,12:13:08,pepperoni,M,classic,12.5,January
1025,1025,2015-000440,2015-01-08,12:16:34,hawaiian,L,classic,16.5,January
1026,1026,2015-000440,2015-01-08,12:16:34,four_cheese,L,veggie,17.95,January
1027,1027,2015-000440,2015-01-08,12:16:34,veggie_veg,M,veggie,16.0,January
1028,1028,2015-000440,2015-01-08,12:16:34,green_garden,M,veggie,16.0,January
1029,1029,2015-000440,2015-01-08,12:16:34,calabrese,M,supreme,16.25,January
1030,1030,2015-000440,2015-01-08,12:16:34,ckn_alfredo,M,chicken,16.75,January
1031,1031,2015-000440,2015-01-08,12:16:34,spinach_fet,S,veggie,12.0,January
1032,1032,2015-000440,2015-01-08,12:16:34,five_cheese,L,veggie,18.5,January
1033,1033,2015-000440,2015-01-08,12:16:34,pepperoni,L,classic,15.25,January
1034,1034,2015-000440,2015-01-08,12:16:34,four_cheese,M,veggie,14.75,January
1035,1035,2015-000440,2015-01-08,12:16:34,thai_ckn,L,chicken,20.75,January
1036,1036,2015-000440,2015-01-08,12:16:34,spicy_ital,L,supreme,20.75,January
1037,1037,2015-000440,2015-01-08,12:16:34,green_garden,L,veggie,20.25,January
1038,1038,2015-000440,2015-01-08,12:16:34,ital_veggie,L,veggie,21.0,January
1039,1039,2015-000441,2015-01-08,12:16:58,spicy_ital,L,supreme,20.75,January
1040,1040,2015-000441,2015-01-08,12:16:58,thai_ckn,L,chicken,20.75,January
1041,1041,2015-000442,2015-01-08,12:28:49,peppr_salami,L,supreme,20.75,January
1042,1042,2015-000443,2015-01-08,12:34:20,spicy_ital,S,supreme,12.5,January
1043,1043,2015-000443,2015-01-08,12:34:20,ital_veggie,M,veggie,16.75,January
1044,1044,2015-000443,2015-01-08,12:34:20,spinach_supr,M,supreme,16.5,January
1045,1045,2015-000443,2015-01-08,12:34:20,thai_ckn,M,chicken,16.75,January
1046,1046,2015-000443,2015-01-08,12:34:20,sicilian,M,supreme,16.25,January
1047,1047,2015-000443,2015-01-08,12:34:20,mexicana,L,veggie,20.25,January
1048,1048,2015-000443,2015-01-08,12:34:20,ital_cpcllo,M,classic,16.0,January
1049,1049,2015-000443,2015-01-08,12:34:20,spicy_ital,L,supreme,20.75,January
1050,1050,2015-000443,2015-01-08,12:34:20,cali_ckn,M,chicken,16.75,January
1051,1051,2015-000443,2015-01-08,12:34:20,pepperoni,L,classic,15.25,January
1052,1052,2015-000443,2015-01-08,12:34:20,four_cheese,L,veggie,17.95,January
1053,1053,2015-000443,2015-01-08,12:34:20,southw_ckn,M,chicken,16.75,January
1054,1054,2015-000443,2015-01-08,12:34:20,cali_ckn,M,chicken,16.75,January
1055,1055,2015-000443,2015-01-08,12:34:20,sicilian,L,supreme,20.25,January
1056,1056,2015-000443,2015-01-08,12:34:20,big_meat,S,classic,12.0,January
1057,1057,2015-000444,2015-01-08,12:40:05,four_cheese,M,veggie,14.75,January
1058,1058,2015-000445,2015-01-08,12:57:39,hawaiian,L,classic,16.5,January
1059,1059,2015-000446,2015-01-08,12:58:01,ital_veggie,M,veggie,16.75,January
1060,1060,2015-000446,2015-01-08,12:58:01,sicilian,L,supreme,20.25,January
1061,1061,2015-000446,2015-01-08,12:58:01,big_meat,S,classic,12.0,January
1062,1062,2015-000447,2015-01-08,13:02:00,five_cheese,L,veggie,18.5,January
1063,1063,2015-000448,2015-01-08,13:03:34,sicilian,M,supreme,16.25,January
1064,1064,2015-000448,2015-01-08,13:03:34,hawaiian,S,classic,10.5,January
1065,1065,2015-000448,2015-01-08,13:03:34,pep_msh_pep,M,classic,14.5,January
1066,1066,2015-000449,2015-01-08,13:04:15,thai_ckn,L,chicken,20.75,January
1067,1067,2015-000450,2015-01-08,13:07:53,big_meat,S,classic,12.0,January
1068,1068,2015-000451,2015-01-08,13:19:06,ital_cpcllo,M,classic,16.0,January
1069,1069,2015-000451,2015-01-08,13:19:06,five_cheese,L,veggie,18.5,January
1070,1070,2015-000451,2015-01-08,13:19:06,southw_ckn,L,chicken,20.75,January
1071,1071,2015-000452,2015-01-08,13:24:11,bbq_ckn,M,chicken,16.75,January
1072,1072,2015-000452,2015-01-08,13:24:11,big_meat,S,classic,12.0,January
1073,1073,2015-000452,2015-01-08,13:24:11,sicilian,M,supreme,16.25,January
1074,1074,2015-000453,2015-01-08,13:27:14,cali_ckn,S,chicken,12.75,January
1075,1075,2015-000453,2015-01-08,13:27:14,four_cheese,L,veggie,17.95,January
1076,1076,2015-000453,2015-01-08,13:27:14,sicilian,M,supreme,16.25,January
1077,1077,2015-000453,2015-01-08,13:27:14,thai_ckn,L,chicken,20.75,January
1078,1078,2015-000454,2015-01-08,13:31:40,spicy_ital,M,supreme,16.5,January
1079,1079,2015-000455,2015-01-08,13:39:14,ital_supr,L,supreme,20.75,January
1080,1080,2015-000456,2015-01-08,13:47:53,spinach_fet,L,veggie,20.25,January
1081,1081,2015-000457,2015-01-08,13:59:04,cali_ckn,L,chicken,20.75,January
1082,1082,2015-000457,2015-01-08,13:59:04,classic_dlx,M,classic,16.0,January
1083,1083,2015-000457,2015-01-08,13:59:04,ckn_alfredo,M,chicken,16.75,January
1084,1084,2015-000458,2015-01-08,14:00:05,the_greek,S,classic,12.0,January
1085,1085,2015-000458,2015-01-08,14:00:05,spinach_supr,M,supreme,16.5,January
1086,1086,2015-000458,2015-01-08,14:00:05,prsc_argla,M,supreme,16.5,January
1087,1087,2015-000459,2015-01-08,14:14:02,spicy_ital,L,supreme,20.75,January
1088,1088,2015-000460,2015-01-08,14:19:58,ital_supr,M,supreme,16.5,January
1089,1089,2015-000460,2015-01-08,14:19:58,green_garden,S,veggie,12.0,January
1090,1090,2015-000461,2015-01-08,14:21:19,hawaiian,S,classic,10.5,January
1091,1091,2015-000461,2015-01-08,14:21:19,cali_ckn,M,chicken,16.75,January
1092,1092,2015-000462,2015-01-08,14:38:41,spinach_fet,S,veggie,12.0,January
1093,1093,2015-000463,2015-01-08,14:40:28,bbq_ckn,L,chicken,20.75,January
1094,1094,2015-000463,2015-01-08,14:40:28,prsc_argla,M,supreme,16.5,January
1095,1095,2015-000464,2015-01-08,14:49:01,calabrese,M,supreme,16.25,January
1096,1096,2015-000464,2015-01-08,14:49:01,bbq_ckn,L,chicken,20.75,January
1097,1097,2015-000465,2015-01-08,14:55:23,napolitana,S,classic,12.0,January
1098,1098,2015-000466,2015-01-08,15:30:10,the_greek,XL,classic,25.5,January
1099,1099,2015-000466,2015-01-08,15:30:10,spinach_fet,L,veggie,20.25,January
1100,1100,2015-000467,2015-01-08,15:33:13,prsc_argla,S,supreme,12.5,January
1101,1101,2015-000468,2015-01-08,15:36:12,pepperoni,L,classic,15.25,January
1102,1102,2015-000468,2015-01-08,15:36:12,four_cheese,L,veggie,17.95,January
1103,1103,2015-000469,2015-01-08,15:37:18,bbq_ckn,M,chicken,16.75,January
1104,1104,2015-000469,2015-01-08,15:37:18,sicilian,S,supreme,12.25,January
1105,1105,2015-000470,2015-01-08,15:49:13,veggie_veg,S,veggie,12.0,January
1106,1106,2015-000471,2015-01-08,16:20:26,ital_veggie,S,veggie,12.75,January
1107,1107,2015-000472,2015-01-08,16:29:50,ital_veggie,M,veggie,16.75,January
1108,1108,2015-000472,2015-01-08,16:29:50,ital_veggie,L,veggie,21.0,January
1109,1109,2015-000473,2015-01-08,16:41:27,southw_ckn,M,chicken,16.75,January
1110,1110,2015-000473,2015-01-08,16:41:27,hawaiian,L,classic,16.5,January
1111,1111,2015-000473,2015-01-08,16:41:27,prsc_argla,M,supreme,16.5,January
1112,1112,2015-000474,2015-01-08,16:47:48,pepperoni,S,classic,9.75,January
1113,1113,2015-000474,2015-01-08,16:47:48,green_garden,S,veggie,12.0,January
1114,1114,2015-000475,2015-01-08,17:15:17,big_meat,S,classic,12.0,January
1115,1115,2015-000475,2015-01-08,17:15:17,thai_ckn,L,chicken,20.75,January
1116,1116,2015-000476,2015-01-08,17:27:56,pepperoni,M,classic,12.5,January
1117,1117,2015-000476,2015-01-08,17:27:56,prsc_argla,L,supreme,20.75,January
1118,1118,2015-000476,2015-01-08,17:27:56,veggie_veg,M,veggie,16.0,January
1119,1119,2015-000477,2015-01-08,17:30:04,mexicana,M,veggie,16.0,January
1120,1120,2015-000477,2015-01-08,17:30:04,green_garden,M,veggie,16.0,January
1121,1121,2015-000478,2015-01-08,17:35:56,calabrese,M,supreme,16.25,January
1122,1122,2015-000478,2015-01-08,17:35:56,ckn_alfredo,M,chicken,16.75,January
1123,1123,2015-000479,2015-01-08,17:37:03,ital_cpcllo,L,classic,20.5,January
1124,1124,2015-000479,2015-01-08,17:37:03,ital_cpcllo,L,classic,20.5,January
1125,1125,2015-000479,2015-01-08,17:37:03,five_cheese,L,veggie,18.5,January
1126,1126,2015-000480,2015-01-08,17:41:31,pepperoni,M,classic,12.5,January
1127,1127,2015-000481,2015-01-08,17:41:37,pepperoni,S,classic,9.75,January
1128,1128,2015-000481,2015-01-08,17:41:37,spinach_fet,S,veggie,12.0,January
1129,1129,2015-000482,2015-01-08,17:52:42,green_garden,L,veggie,20.25,January
1130,1130,2015-000482,2015-01-08,17:52:42,spicy_ital,S,supreme,12.5,January
1131,1131,2015-000482,2015-01-08,17:52:42,ital_supr,M,supreme,16.5,January
1132,1132,2015-000483,2015-01-08,17:54:05,bbq_ckn,L,chicken,20.75,January
1133,1133,2015-000483,2015-01-08,17:54:05,spicy_ital,M,supreme,16.5,January
1134,1134,2015-000483,2015-01-08,17:54:05,napolitana,S,classic,12.0,January
1135,1135,2015-000483,2015-01-08,17:54:05,pep_msh_pep,S,classic,11.0,January
1136,1136,2015-000484,2015-01-08,18:02:54,four_cheese,L,veggie,17.95,January
1137,1137,2015-000484,2015-01-08,18:02:54,mexicana,L,veggie,20.25,January
1138,1138,2015-000485,2015-01-08,18:07:31,cali_ckn,M,chicken,16.75,January
1139,1139,2015-000486,2015-01-08,18:15:08,spinach_supr,S,supreme,12.5,January
1140,1140,2015-000487,2015-01-08,18:30:16,hawaiian,S,classic,10.5,January
1141,1141,2015-000487,2015-01-08,18:30:16,sicilian,L,supreme,20.25,January
1142,1142,2015-000487,2015-01-08,18:30:16,spinach_fet,L,veggie,20.25,January
1143,1143,2015-000488,2015-01-08,18:46:02,veggie_veg,M,veggie,16.0,January
1144,1144,2015-000489,2015-01-08,18:48:43,peppr_salami,L,supreme,20.75,January
1145,1145,2015-000490,2015-01-08,18:49:24,napolitana,M,classic,16.0,January
1146,1146,2015-000490,2015-01-08,18:49:24,big_meat,S,classic,12.0,January
1147,1147,2015-000490,2015-01-08,18:49:24,classic_dlx,M,classic,16.0,January
1148,1148,2015-000491,2015-01-08,19:01:12,pepperoni,L,classic,15.25,January
1149,1149,2015-000491,2015-01-08,19:01:12,peppr_salami,L,supreme,20.75,January
1150,1150,2015-000491,2015-01-08,19:01:12,napolitana,S,classic,12.0,January
1151,1151,2015-000491,2015-01-08,19:01:12,prsc_argla,M,supreme,16.5,January
1152,1152,2015-000492,2015-01-08,19:06:21,spinach_fet,M,veggie,16.0,January
1153,1153,2015-000492,2015-01-08,19:06:21,sicilian,M,supreme,16.25,January
1154,1154,2015-000492,2015-01-08,19:06:21,ckn_pesto,L,chicken,20.75,January
1155,1155,2015-000493,2015-01-08,19:31:47,ital_supr,L,supreme,20.75,January
1156,1156,2015-000494,2015-01-08,19:38:40,five_cheese,L,veggie,18.5,January
1157,1157,2015-000494,2015-01-08,19:38:40,four_cheese,L,veggie,17.95,January
1158,1158,2015-000494,2015-01-08,19:38:40,mexicana,L,veggie,20.25,January
1159,1159,2015-000494,2015-01-08,19:38:40,southw_ckn,L,chicken,20.75,January
1160,1160,2015-000495,2015-01-08,19:42:52,ital_supr,M,supreme,16.5,January
1161,1161,2015-000495,2015-01-08,19:42:52,sicilian,L,supreme,20.25,January
1162,1162,2015-000496,2015-01-08,19:46:18,hawaiian,L,classic,16.5,January
1163,1163,2015-000496,2015-01-08,19:46:18,soppressata,S,supreme,12.5,January
1164,1164,2015-000497,2015-01-08,19:49:26,veggie_veg,S,veggie,12.0,January
1165,1165,2015-000498,2015-01-08,20:02:25,ital_supr,M,supreme,16.5,January
1166,1166,2015-000499,2015-01-08,21:10:46,mexicana,M,veggie,16.0,January
1167,1167,2015-000499,2015-01-08,21:10:46,pep_msh_pep,M,classic,14.5,January
1168,1168,2015-000499,2015-01-08,21:10:46,four_cheese,L,veggie,17.95,January
1169,1169,2015-000499,2015-01-08,21:10:46,calabrese,S,supreme,12.25,January
1170,1170,2015-000500,2015-01-08,21:46:49,mediterraneo,M,veggie,16.0,January
1171,1171,2015-000501,2015-01-08,21:51:31,hawaiian,S,classic,10.5,January
1172,1172,2015-000501,2015-01-08,21:51:31,cali_ckn,S,chicken,12.75,January
1173,1173,2015-000501,2015-01-08,21:51:31,southw_ckn,L,chicken,20.75,January
1174,1174,2015-000502,2015-01-08,22:26:08,ital_veggie,M,veggie,16.75,January
1175,1175,2015-000503,2015-01-09,11:16:21,pepperoni,L,classic,15.25,January
1176,1176,2015-000503,2015-01-09,11:16:21,sicilian,M,supreme,16.25,January
1177,1177,2015-000504,2015-01-09,11:48:18,the_greek,L,classic,20.5,January
1178,1178,2015-000505,2015-01-09,11:55:10,the_greek,XL,classic,25.5,January
1179,1179,2015-000505,2015-01-09,11:55:10,pepperoni,M,classic,12.5,January
1180,1180,2015-000506,2015-01-09,12:02:09,spinach_fet,M,veggie,16.0,January
1181,1181,2015-000507,2015-01-09,12:06:03,ckn_pesto,S,chicken,12.75,January
1182,1182,2015-000508,2015-01-09,12:13:32,cali_ckn,S,chicken,12.75,January
1183,1183,2015-000508,2015-01-09,12:13:32,pepperoni,M,classic,12.5,January
1184,1184,2015-000508,2015-01-09,12:13:32,cali_ckn,M,chicken,16.75,January
1185,1185,2015-000509,2015-01-09,12:13:58,spicy_ital,L,supreme,20.75,January
1186,1186,2015-000510,2015-01-09,12:15:03,classic_dlx,S,classic,12.0,January
1187,1187,2015-000510,2015-01-09,12:15:03,classic_dlx,M,classic,16.0,January
1188,1188,2015-000510,2015-01-09,12:15:03,ital_supr,L,supreme,20.75,January
1189,1189,2015-000510,2015-01-09,12:15:03,spicy_ital,L,supreme,20.75,January
1190,1190,2015-000511,2015-01-09,12:18:21,five_cheese,L,veggie,18.5,January
1191,1191,2015-000512,2015-01-09,12:19:24,ital_veggie,M,veggie,16.75,January
1192,1192,2015-000513,2015-01-09,12:22:48,pepperoni,L,classic,15.25,January
1193,1193,2015-000513,2015-01-09,12:22:48,ital_veggie,M,veggie,16.75,January
1194,1194,2015-000513,2015-01-09,12:22:48,four_cheese,L,veggie,17.95,January
1195,1195,2015-000513,2015-01-09,12:22:48,thai_ckn,L,chicken,20.75,January
1196,1196,2015-000514,2015-01-09,12:26:47,classic_dlx,S,classic,12.0,January
1197,1197,2015-000515,2015-01-09,13:07:37,mediterraneo,L,veggie,20.25,January
1198,1198,2015-000515,2015-01-09,13:07:37,ckn_pesto,L,chicken,20.75,January
1199,1199,2015-000516,2015-01-09,13:09:09,veggie_veg,L,veggie,20.25,January
1200,1200,2015-000516,2015-01-09,13:09:09,napolitana,L,classic,20.5,January
1201,1201,2015-000517,2015-01-09,13:09:11,mexicana,M,veggie,16.0,January
1202,1202,2015-000518,2015-01-09,13:11:25,big_meat,S,classic,12.0,January
1203,1203,2015-000518,2015-01-09,13:11:25,sicilian,S,supreme,12.25,January
1204,1204,2015-000518,2015-01-09,13:11:25,prsc_argla,L,supreme,20.75,January
1205,1205,2015-000519,2015-01-09,13:15:20,prsc_argla,S,supreme,12.5,January
1206,1206,2015-000520,2015-01-09,13:22:33,spin_pesto,L,veggie,20.75,January
1207,1207,2015-000521,2015-01-09,13:43:07,thai_ckn,S,chicken,12.75,January
1208,1208,2015-000522,2015-01-09,14:09:33,bbq_ckn,S,chicken,12.75,January
1209,1209,2015-000522,2015-01-09,14:09:33,green_garden,S,veggie,12.0,January
1210,1210,2015-000522,2015-01-09,14:09:33,the_greek,M,classic,16.0,January
1211,1211,2015-000522,2015-01-09,14:09:33,five_cheese,L,veggie,18.5,January
1212,1212,2015-000522,2015-01-09,14:09:33,the_greek,L,classic,20.5,January
1213,1213,2015-000522,2015-01-09,14:09:33,ital_cpcllo,M,classic,16.0,January
1214,1214,2015-000522,2015-01-09,14:09:33,four_cheese,L,veggie,17.95,January
1215,1215,2015-000522,2015-01-09,14:09:33,big_meat,S,classic,12.0,January
1216,1216,2015-000522,2015-01-09,14:09:33,ital_cpcllo,M,classic,16.0,January
1217,1217,2015-000522,2015-01-09,14:09:33,classic_dlx,S,classic,12.0,January
1218,1218,2015-000522,2015-01-09,14:09:33,ital_veggie,L,veggie,21.0,January
1219,1219,2015-000522,2015-01-09,14:09:33,four_cheese,L,veggie,17.95,January
1220,1220,2015-000522,2015-01-09,14:09:33,sicilian,L,supreme,20.25,January
1221,1221,2015-000523,2015-01-09,14:42:14,prsc_argla,M,supreme,16.5,January
1222,1222,2015-000524,2015-01-09,14:51:35,thai_ckn,M,chicken,16.75,January
1223,1223,2015-000524,2015-01-09,14:51:35,sicilian,S,supreme,12.25,January
1224,1224,2015-000525,2015-01-09,15:08:46,pepperoni,L,classic,15.25,January
1225,1225,2015-000526,2015-01-09,15:10:13,cali_ckn,L,chicken,20.75,January
1226,1226,2015-000526,2015-01-09,15:10:13,five_cheese,L,veggie,18.5,January
1227,1227,2015-000527,2015-01-09,15:23:37,southw_ckn,L,chicken,20.75,January
1228,1228,2015-000527,2015-01-09,15:23:37,four_cheese,L,veggie,17.95,January
1229,1229,2015-000528,2015-01-09,15:27:21,ital_cpcllo,M,classic,16.0,January
1230,1230,2015-000529,2015-01-09,15:31:01,cali_ckn,M,chicken,16.75,January
1231,1231,2015-000529,2015-01-09,15:31:01,hawaiian,S,classic,10.5,January
1232,1232,2015-000529,2015-01-09,15:31:01,calabrese,M,supreme,16.25,January
1233,1233,2015-000529,2015-01-09,15:31:01,cali_ckn,M,chicken,16.75,January
1234,1234,2015-000530,2015-01-09,15:43:01,ital_supr,M,supreme,16.5,January
1235,1235,2015-000530,2015-01-09,15:43:01,classic_dlx,L,classic,20.5,January
1236,1236,2015-000531,2015-01-09,15:58:10,peppr_salami,M,supreme,16.5,January
1237,1237,2015-000531,2015-01-09,15:58:10,peppr_salami,M,supreme,16.5,January
1238,1238,2015-000532,2015-01-09,16:14:28,soppressata,S,supreme,12.5,January
1239,1239,2015-000532,2015-01-09,16:14:28,peppr_salami,L,supreme,20.75,January
1240,1240,2015-000533,2015-01-09,16:28:43,five_cheese,L,veggie,18.5,January
1241,1241,2015-000533,2015-01-09,16:28:43,spicy_ital,L,supreme,20.75,January
1242,1242,2015-000533,2015-01-09,16:28:43,the_greek,XL,classic,25.5,January
1243,1243,2015-000534,2015-01-09,16:43:32,prsc_argla,L,supreme,20.75,January
1244,1244,2015-000534,2015-01-09,16:43:32,southw_ckn,L,chicken,20.75,January
1245,1245,2015-000535,2015-01-09,17:08:47,classic_dlx,M,classic,16.0,January
1246,1246,2015-000536,2015-01-09,17:18:50,brie_carre,S,supreme,23.65,January
1247,1247,2015-000536,2015-01-09,17:18:50,peppr_salami,L,supreme,20.75,January
1248,1248,2015-000537,2015-01-09,17:23:52,classic_dlx,S,classic,12.0,January
1249,1249,2015-000537,2015-01-09,17:23:52,hawaiian,S,classic,10.5,January
1250,1250,2015-000537,2015-01-09,17:23:52,ital_supr,L,supreme,20.75,January
1251,1251,2015-000538,2015-01-09,17:44:04,spinach_supr,L,supreme,20.75,January
1252,1252,2015-000539,2015-01-09,17:51:34,spinach_fet,M,veggie,16.0,January
1253,1253,2015-000539,2015-01-09,17:51:34,ital_veggie,L,veggie,21.0,January
1254,1254,2015-000539,2015-01-09,17:51:34,five_cheese,L,veggie,18.5,January
1255,1255,2015-000540,2015-01-09,17:52:41,spinach_supr,L,supreme,20.75,January
1256,1256,2015-000541,2015-01-09,18:07:47,big_meat,S,classic,12.0,January
1257,1257,2015-000542,2015-01-09,18:08:06,bbq_ckn,L,chicken,20.75,January
1258,1258,2015-000542,2015-01-09,18:08:06,prsc_argla,M,supreme,16.5,January
1259,1259,2015-000543,2015-01-09,18:23:59,mediterraneo,M,veggie,16.0,January
1260,1260,2015-000543,2015-01-09,18:23:59,classic_dlx,M,classic,16.0,January
1261,1261,2015-000543,2015-01-09,18:23:59,ckn_pesto,L,chicken,20.75,January
1262,1262,2015-000544,2015-01-09,18:31:04,napolitana,M,classic,16.0,January
1263,1263,2015-000544,2015-01-09,18:31:04,sicilian,M,supreme,16.25,January
1264,1264,2015-000545,2015-01-09,18:46:28,pepperoni,L,classic,15.25,January
1265,1265,2015-000545,2015-01-09,18:46:28,soppressata,L,supreme,20.75,January
1266,1266,2015-000545,2015-01-09,18:46:28,peppr_salami,L,supreme,20.75,January
1267,1267,2015-000545,2015-01-09,18:46:28,pepperoni,S,classic,9.75,January
1268,1268,2015-000546,2015-01-09,18:47:27,green_garden,S,veggie,12.0,January
1269,1269,2015-000547,2015-01-09,18:49:23,big_meat,S,classic,12.0,January
1270,1270,2015-000548,2015-01-09,19:06:09,hawaiian,L,classic,16.5,January
1271,1271,2015-000549,2015-01-09,19:06:34,big_meat,S,classic,12.0,January
1272,1272,2015-000549,2015-01-09,19:06:34,thai_ckn,L,chicken,20.75,January
1273,1273,2015-000550,2015-01-09,19:12:59,the_greek,M,classic,16.0,January
1274,1274,2015-000550,2015-01-09,19:12:59,spinach_fet,M,veggie,16.0,January
1275,1275,2015-000551,2015-01-09,19:26:24,thai_ckn,L,chicken,20.75,January
1276,1276,2015-000551,2015-01-09,19:26:24,the_greek,M,classic,16.0,January
1277,1277,2015-000551,2015-01-09,19:26:24,soppressata,M,supreme,16.5,January
1278,1278,2015-000551,2015-01-09,19:26:24,four_cheese,L,veggie,17.95,January
1279,1279,2015-000552,2015-01-09,19:31:25,ital_supr,L,supreme,20.75,January
1280,1280,2015-000552,2015-01-09,19:31:25,ckn_alfredo,M,chicken,16.75,January
1281,1281,2015-000552,2015-01-09,19:31:25,green_garden,S,veggie,12.0,January
1282,1282,2015-000553,2015-01-09,20:14:47,mexicana,L,veggie,20.25,January
1283,1283,2015-000554,2015-01-09,20:15:51,green_garden,S,veggie,12.0,January
1284,1284,2015-000554,2015-01-09,20:15:51,ckn_alfredo,M,chicken,16.75,January
1285,1285,2015-000555,2015-01-09,20:18:25,bbq_ckn,S,chicken,12.75,January
1286,1286,2015-000555,2015-01-09,20:18:25,hawaiian,S,classic,10.5,January
1287,1287,2015-000556,2015-01-09,20:23:12,four_cheese,L,veggie,17.95,January
1288,1288,2015-000556,2015-01-09,20:23:12,the_greek,XL,classic,25.5,January
1289,1289,2015-000557,2015-01-09,20:30:06,spicy_ital,S,supreme,12.5,January
1290,1290,2015-000557,2015-01-09,20:30:06,sicilian,S,supreme,12.25,January
1291,1291,2015-000558,2015-01-09,20:51:10,hawaiian,M,classic,13.25,January
1292,1292,2015-000559,2015-01-09,21:10:16,classic_dlx,S,classic,12.0,January
1293,1293,2015-000560,2015-01-09,21:13:48,green_garden,M,veggie,16.0,January
1294,1294,2015-000560,2015-01-09,21:13:48,spicy_ital,M,supreme,16.5,January
1295,1295,2015-000561,2015-01-09,21:47:56,spinach_supr,S,supreme,12.5,January
1296,1296,2015-000562,2015-01-09,22:04:05,ckn_alfredo,M,chicken,16.75,January
1297,1297,2015-000563,2015-01-09,22:19:03,veggie_veg,S,veggie,12.0,January
1298,1298,2015-000563,2015-01-09,22:19:03,mexicana,L,veggie,20.25,January
1299,1299,2015-000564,2015-01-09,22:32:32,spinach_supr,L,supreme,20.75,January
1300,1300,2015-000564,2015-01-09,22:32:32,mediterraneo,S,veggie,12.0,January
1301,1301,2015-000564,2015-01-09,22:32:32,pepperoni,M,classic,12.5,January
1302,1302,2015-000565,2015-01-10,12:11:19,ital_veggie,S,veggie,12.75,January
1303,1303,2015-000566,2015-01-10,12:21:19,spinach_supr,L,supreme,20.75,January
1304,1304,2015-000567,2015-01-10,12:27:47,five_cheese,L,veggie,18.5,January
1305,1305,2015-000567,2015-01-10,12:27:47,five_cheese,L,veggie,18.5,January
1306,1306,2015-000567,2015-01-10,12:27:47,bbq_ckn,L,chicken,20.75,January
1307,1307,2015-000567,2015-01-10,12:27:47,spinach_supr,M,supreme,16.5,January
1308,1308,2015-000567,2015-01-10,12:27:47,sicilian,M,supreme,16.25,January
1309,1309,2015-000567,2015-01-10,12:27:47,pepperoni,M,classic,12.5,January
1310,1310,2015-000567,2015-01-10,12:27:47,four_cheese,M,veggie,14.75,January
1311,1311,2015-000567,2015-01-10,12:27:47,spicy_ital,L,supreme,20.75,January
1312,1312,2015-000567,2015-01-10,12:27:47,sicilian,S,supreme,12.25,January
1313,1313,2015-000567,2015-01-10,12:27:47,thai_ckn,S,chicken,12.75,January
1314,1314,2015-000567,2015-01-10,12:27:47,soppressata,L,supreme,20.75,January
1315,1315,2015-000568,2015-01-10,12:28:53,mexicana,L,veggie,20.25,January
1316,1316,2015-000569,2015-01-10,12:37:10,classic_dlx,S,classic,12.0,January
1317,1317,2015-000569,2015-01-10,12:37:10,bbq_ckn,S,chicken,12.75,January
1318,1318,2015-000569,2015-01-10,12:37:10,ckn_alfredo,M,chicken,16.75,January
1319,1319,2015-000570,2015-01-10,13:13:59,green_garden,M,veggie,16.0,January
1320,1320,2015-000570,2015-01-10,13:13:59,southw_ckn,L,chicken,20.75,January
1321,1321,2015-000571,2015-01-10,13:14:47,big_meat,S,classic,12.0,January
1322,1322,2015-000572,2015-01-10,13:15:32,southw_ckn,M,chicken,16.75,January
1323,1323,2015-000573,2015-01-10,13:39:33,five_cheese,L,veggie,18.5,January
1324,1324,2015-000573,2015-01-10,13:39:33,classic_dlx,M,classic,16.0,January
1325,1325,2015-000574,2015-01-10,13:40:54,ital_veggie,M,veggie,16.75,January
1326,1326,2015-000575,2015-01-10,13:41:04,pepperoni,L,classic,15.25,January
1327,1327,2015-000575,2015-01-10,13:41:04,spinach_fet,M,veggie,16.0,January
1328,1328,2015-000575,2015-01-10,13:41:04,napolitana,L,classic,20.5,January
1329,1329,2015-000575,2015-01-10,13:41:04,classic_dlx,L,classic,20.5,January
1330,1330,2015-000576,2015-01-10,13:44:22,spinach_fet,S,veggie,12.0,January
1331,1331,2015-000576,2015-01-10,13:44:22,ckn_alfredo,M,chicken,16.75,January
1332,1332,2015-000576,2015-01-10,13:44:22,big_meat,S,classic,12.0,January
1333,1333,2015-000577,2015-01-10,13:45:00,veggie_veg,L,veggie,20.25,January
1334,1334,2015-000577,2015-01-10,13:45:00,spinach_fet,M,veggie,16.0,January
1335,1335,2015-000578,2015-01-10,13:48:49,calabrese,M,supreme,16.25,January
1336,1336,2015-000578,2015-01-10,13:48:49,the_greek,XL,classic,25.5,January
1337,1337,2015-000578,2015-01-10,13:48:49,bbq_ckn,S,chicken,12.75,January
1338,1338,2015-000578,2015-01-10,13:48:49,pepperoni,L,classic,15.25,January
1339,1339,2015-000578,2015-01-10,13:48:49,peppr_salami,M,supreme,16.5,January
1340,1340,2015-000579,2015-01-10,13:51:19,green_garden,S,veggie,12.0,January
1341,1341,2015-000580,2015-01-10,13:56:01,southw_ckn,M,chicken,16.75,January
1342,1342,2015-000580,2015-01-10,13:56:01,hawaiian,M,classic,13.25,January
1343,1343,2015-000581,2015-01-10,14:13:01,mexicana,L,veggie,20.25,January
1344,1344,2015-000582,2015-01-10,14:24:14,mediterraneo,L,veggie,20.25,January
1345,1345,2015-000583,2015-01-10,14:33:19,ital_supr,L,supreme,20.75,January
